2742 4950
512 373 929 441 Lucil-su·
1158 386 1200 447 st

181 542 336 608 nimsine
349 542 617 610 controversiam
639 564 760 630 magna
783 543 960 621 sanctiate
976 554 1078 627 patet,
1101 557 1135 609 et
1156 545 1201 609 ad

184 665 306 729 multoe
316 668 469 750 pertinet,
482 680 516 733 et
526 687 657 733 summo
666 667 701 729 in
711 667 834 732 honore
848 687 976 752 semper
984 666 1059 746 fnit,
1073 681 1108 732 et
1134 668 1199 733 cla·

180 783 307 849 tissimi
318 786 409 853 cives
420 788 451 854 ei
462 788 575 855 studio
583 787 682 852 etiam
703 785 803 849 hodie
829 798 981 868 praesunt.
1027 787 1093 865 Sed
1111 786 1200 865 vide,

180 908 313 993 Crasse,
326 937 382 994 ne,
394 881 475 981 dum
488 935 575 979 novo
585 928 619 980 et
630 915 739 979 alieno
752 927 873 977 ornatu
883 879 968 977 ¹veiis
978 934 1094 978 ornare
1111 914 1197 1001 juris

179 1035 289 1103 civilis
303 1038 490 1118 scientiam,
504 1059 564 1102 suo
576 1057 708 1120 quoque
719 1057 806 1113 eam,
830 1056 987 1097 concesso
1009 1049 1044 1097 et
1058 1036 1196 1114 tradito,

176 1156 303 1239 spolies
318 1172 418 1242 atque
431 1157 593 1223 denudes.
639 1153 732 1215 Nam
756 1152 785 1214 si
809 1152 855 1216 ita
876 1152 1015 1234 diceres,
1037 1153 1092 1237 qui
1101 1154 1201 1239 juris·

177 1279 356 1342 consultus
370 1290 468 1355 esset,
481 1298 553 1342 esse
568 1294 642 1339 eum
654 1287 818 1337 oratorem
834 1299 843 1347 3
867 1274 1022 1360 itemque,
1044 1277 1201 1360 quiesset

177 1412 310 1479 orator,
334 1401 422 1486 juris
446 1402 586 1466 eundem
609 1421 680 1464 esse
698 1400 910 1475 consultum
931 1403 1103 1486 preclaras
1117 1404 1198 1466 duas

118 1532 122 1543 “
178 1528 269 1589 artes
285 1517 514 1597 constitueres,
529 1532 625 1601 atque
639 1519 725 1585 inter
737 1542 772 1582 se
786 1541 878 1604 pares
891 1534 924 1583 et
932 1522 1080 1607 ejusdem
1093 1519 1199 1586 sociat

176 1635 379 1721 diguitatis:
402 1659 488 1703 nunc
507 1659 588 1703 vcro
603 1638 875 1723 jusiaconsultum
888 1642 958 1707 sine
970 1644 1032 1707 hac
1046 1644 1200 1727 eloqnen·
1307 1728 1309 1735 y

176 1730 239 1834 tia,
264 1757 307 1819 de
335 1776 400 1840 qua
424 1756 621 1839 quaerimus,
654 1756 768 1823 fateris
795 1781 866 1824 esse
893 1780 1001 1844 posse,
1027 1759 1195 1841 fuisseque

174 1873 339 1957 plurimos
353 1903 363 1952 ;
386 1892 552 1963 oratorem
565 1899 680 1963 negas,
702 1878 768 1943 nisi
781 1878 872 1942 illam
885 1877 1058 1942 scientiam
1076 1897 1200 1939 assum·

175 1998 273 2077 serit,
297 2021 370 2064 esse
393 2017 499 2082 posse.
546 1998 602 2061 Ita
613 2010 647 2063 et
660 1996 722 2060 tibi
738 1995 996 2082 jurisconsultus
1010 1997 1079 2080 ipse
1092 2016 1150 2079 per
1163 2019 1197 2061 se

180 2117 283 2197 nihil,
306 2119 373 2181 nisi
397 2116 568 2203 leguleius·
585 2118 721 2202 quidam
745 2129 859 2182 cautus
884 2131 918 2179 et
942 2130 1068 2195 acutus,
1092 2138 1197 2200 praeco

182 2240 366 2321 actionum,
377 2255 489 2305 cantor
500 2241 728 2322 formularum,
740 2262 858 2325 auceps
871 2240 1080 2325 syllabarum.
1130 2241 1197 2309 Sed

180 2367 262 2451 qnia
273 2386 359 2451 sape
374 2367 477 2431 utitur
489 2380 601 2431 orator
613 2367 760 2430 subsidio
769 2365 855 2451 juris
869 2365 903 2428 in
917 2365 1052 2445 caussis,
1066 2365 1192 2429 idcireo
1269 2388 1278 2415 s

180 2487 283 2554 istam
298 2486 386 2573 juris
404 2487 581 2552 scientiam
604 2484 811 2567 eloquentiae,
833 2496 988 2566 tanquam
1011 2483 1195 2550 ancillulam

176 2612 492 2699 pedissequamque,
527 2606 718 2692 adjunxisti.

224 2853 239 2931 i
254 2850 351 2941 LVI,
390 2849 492 2925 Quod
501 2870 580 2914 vero
592 2850 830 2935 impudentiam
841 2853 1066 2919 admirstnses
1079 2874 1195 2919 eorum

175 2989 401 3063 patronorum,
415 2977 471 3059 qui
484 2991 554 3056 aut,
571 2998 646 3041 cum
655 2998 760 3062 ,parva
777 2981 952 3059 nescirent,
965 3001 1085 3063 magna
1097 2980 1194 3064 profi·

177 3117 334 3179 tenentur,
347 3116 402 3168 aut
414 3122 533 3185 cmquae
541 3102 685 3166 maxima
695 3114 804 3165 essent
812 3102 846 3162 in
854 3102 931 3185 jure
945 3100 1046 3179 civili,
1056 3114 1194 3166 tractare

179 3217 336 3282 auderent
367 3217 401 3279 in
423 3216 558 3297 caussis,
585 3236 660 3278 cum
686 3234 726 3278 ea
750 3212 925 3290 nescirent,
949 3232 1194 3297 numquamque

182 3334 376 3402 didicissent
391 3360 400 3409 ς
423 3337 593 3420 utriusque
604 3332 652 3401 rei
665 3331 773 3396 facilis
786 3343 837 3395 est
849 3345 883 3395 et
892 3345 1021 3416 promta
1033 3333 1193 3400 defensio.

185 3453 280 3518 Nam
307 3453 521 3538 nequeiilud
549 3469 599 3522 est
621 3454 822 3533 mirandum,
847 3454 915 3537 qui,
941 3454 1058 3537 quibus
1081 3431 1194 3520 verbis

182 3578 325 3644 coemtio
340 3580 408 3660 fiat,
424 3581 562 3662 nesciat,
582 3584 726 3647 eundem
738 3582 808 3667 ejus
822 3580 980 3660 mulieris,
1000 3600 1071 3665 quae
1086 3600 1194 3646 eoem.

71 3729 77 3774 2
183 3702 307 3768 tionem
331 3701 461 3783 fecerit,
474 3724 622 3772 caussam
634 3725 729 3791 posse
744 3702 942 3771 defendere:
965 3725 1038 3784 nec,
1058 3704 1087 3768 si
1099 3705 1192 3790 parvi
1282 3729 1330 3753 w

174 3821 298 3907 navigii
311 3835 344 3887 et
365 3820 476 3905 magni
495 3821 613 3888 eadem
626 3824 723 3890 estin
737 3826 945 3911 gubernando
958 3826 1107 3909 scientia,
1135 3829 1186 3894 id·

1101 3951 1190 4022 circo

549 4074 585 4143 N
