2742 4950
179 362 243 422 lac,
465 346 895 413 DaOna'roar
990 326 993 330 ι

177 536 233 589 aut
255 540 330 585 casu
354 518 439 580 facta
463 535 534 580 esse
558 512 743 578 videantur.
800 511 888 594 Jam,
916 509 1012 585 Quid
1038 523 1195 593 uocetur,

177 641 340 726 quaritur,
353 656 441 713 cum,
454 655 520 718 quo
533 633 634 699 verbo
648 634 728 717 quid
740 633 967 718 appellandum
981 631 1036 712 sit,
1050 648 1190 699 conten·

174 766 283 838 ditur3
306 776 344 825 ut
357 760 440 824 mihi
461 759 525 844 ipsi
549 766 625 823 cum
647 758 710 822 hoc
725 758 863 843 Sulpitio
885 748 949 820 fuit
972 758 1006 820 in
1032 759 1192 825 Norbani

174 903 290 946 caussa
302 903 435 946 summa
445 881 609 946 contentio
625 905 633 944 ι
657 882 809 965 pleraque
822 881 911 946 enim
924 882 965 944 de
984 879 1036 958 iis,
1060 901 1134 961 quae
1152 881 1198 944 ab

173 1002 237 1067 isto
251 1005 501 1092 objiciebantur,
513 1025 588 1067 cum
600 1003 783 1085 confiterer,
793 1018 905 1069 umen
916 1005 955 1069 ab
969 1004 1024 1068 illo
1036 1004 1202 1090 majesta-

177 1140 246 1190 tem
259 1124 616 1211 miuutamnegabamt
633 1144 676 1186 ex
688 1145 752 1207 quo
764 1126 863 1189 verbo
874 1125 948 1212 lege
964 1125 1108 1212 Apuleia
1120 1136 1201 1187 tota
1215 1172 1218 1178 .
1274 1098 1277 1103 i

177 1247 233 1312 illa
255 1266 372 1313 caussa
395 1247 567 1331 pendebat.
613 1247 726 1329 Atque
741 1248 776 1311 iu
787 1248 851 1312 hoc
866 1270 985 1334 genere
1001 1270 1203 1314 caussarum

178 1371 325 1435 nonnulli
336 1368 538 1455 praecipiunt,
550 1379 587 1429 ut
596 1368 733 1431 verbum
742 1370 835 1451 illud,
849 1374 937 1454 quod
949 1395 1097 1438 caussam
1106 1371 1206 1450 iacit,

177 1490 286 1556 lucide
300 1493 506 1575 breviterque
520 1505 655 1574 uterque
670 1491 819 1557 definiat·
852 1493 955 1569 Quod
968 1494 1051 1557 mihi
1061 1494 1206 1577 quidem

176 1628 334 1692 perquam
346 1610 469 1695 puerile
480 1610 587 1673 videri
602 1611 709 1674 solet:
734 1612 799 1676 alia
821 1629 872 1678 est
896 1614 1004 1695 eninr,.
1022 1637 1097 1678 cum
1112 1615 1205 1680 inter

180 1731 295 1794 doctos
308 1730 457 1795 homines
470 1731 510 1794 de
525 1729 566 1792 iis
580 1729 660 1814 ipsis
673 1731 780 1809 rebus,
795 1753 870 1815 quae
884 1718 1055 1797 versantur
1068 1737 1104 1798 in
1119 1736 1205 1800 arti-

178 1855 252 1936 bus,
275 1856 470 1939 disputatur,
492 1854 670 1917 verborum
689 1852 860 1929 definitio;
883 1870 920 1918 ut
936 1879 1013 1922 cum
1026 1859 1210 1942 quaeritur,

183 1980 263 2062 quid
278 1979 321 2040 sit
335 2001 399 2056 ars,
412 1976 493 2060 quid
504 1977 547 2041 sit
559 1977 635 2057 lex‚.
645 1977 727 2061 quid
738 1977 907 2043 sitcivitas
922 2003 931 2042 z
955 1980 990 2042 in
1002 1982 1122 2066 quibus
1136 1982 1206 2046 hoc

145 2110 154 2125 ‘
180 2095 328 2179 ptaecipit
350 2095 435 2156 ratio
458 2110 555 2176 atque
571 2069 735 2176 doctrinm
757 2111 793 2160 nt
804 2097 856 2162 vis
867 2098 937 2184 ejus
950 2101 1011 2181 rei,
1031 2123 1134 2185 quam
1148 2104 1205 2167 de·

183 2214 290 2293 finias,
303 2213 351 2275 sic
360 2212 572 2295 exprimatur,
596 2227 633 2273 ut
645 2235 752 2296 neque
772 2218 857 2279 absit
878 2220 1072 2305 quidquam,
1088 2245 1207 2308 *neque

183 2333 334 2418 supersit.
379 2332 480 2408 Quod
493 2332 675 2416 quidemiu
689 2331 746 2393 illa
767 2355 883 2398 caussa
905 2359 1011 2423 neque
1038 2343 1206 2426 Sulpicius

183 2456 276 2536 fecit,
301 2475 406 2539 neque
429 2473 492 2540 ego
515 2451 621 2518 facere
647 2450 780 2517 conatus
804 2473 899 2517 sum:
924 2475 1012 2537 nam,
1039 2478 1206 2542 quantum

185 2596 323 2663 uterque
347 2593 496 2643 nostrum
519 2577 637 2662 potuit,
658 2579 750 2642 omui
774 2579 870 2664 copia
892 2580 1024 2647 dicendi
1037 2582 1206 2664 dilatavit,

189 2699 271 2782 quid
279 2711 365 2761 esset
378 2698 609 2783 majestatem*
622 2697 781 2765 minuere.
828 2698 962 2764 Etenim
975 2702 1123 2767 definitio
1138 2704 1206 2788 pri-

183 2832 287 2887 mum,
300 2810 495 2892 reprehenso
507 2812 609 2875 verbo
625 2836 691 2876 uno
705 2829 762 2881 aut
781 2817 897 2879 addito
911 2833 967 2884 aut
980 2823 1106 2904 demto,
1120 2844 1204 2909 saepe

184 2936 397 3006 extorquetur
410 2948 428 2990 e
446 2927 596 2991 manibus
611 2952 619 2990 z
643 2931 763 2996 deinde
777 2953 894 3017 genere
909 2934 979 3017 ipso
993 2938 1204 3022 doctrinem’s

184 3050 312 3115 redolet
338 3051 672 3139 exercitationemque
696 3077 781 3141 pane
808 3058 988 3142 puerilem:
1013 3074 1086 3126 tum
1112 3081 1147 3132 et
1169 3068 1226 3133 in·

187 3195 321 3240 sensum
344 3187 376 3236 et
400 3174 434 3237 in
457 3192 599 3244 mentem
616 3179 744 3265 judicis
756 3179 874 3244 intrare
888 3203 957 3246 non.
966 3197 1097 3269 potest3
1123 3205 1199 3257 ante

186 3298 275 3360 enim
291 3297 648 3380 praeterlabitur,‘quam
661 3318 816 3390 percepta
829 3318 891 3368 est.

233 3545 247 3618 l
271 3548 400 3614 XXVI.
447 3548 514 3614 Sed
526 3550 562 3613 in
574 3573 614 3616 eo
628 3576 760 3638 genere,
780 3558 815 3619 in
828 3579 905 3641 qu0,
931 3560 1037 3633 Quale
1051 3563 1094 3623 sit
1107 3563 1202 3644 quid,

190 3668 379 3752 ambigitur,
399 3671 528 3734 exsistit
541 3674 698 3760 etiamex
709 3677 821 3761 scripti
832 3678 1099 3763 interpretatione
1115 3704 1202 3765 saepe

190 3792 366 3867 contentio,
393 3790 426 3852 in
451 3813 516 3875 quo
537 3796 626 3860 nulla
645 3813 755 3882 potest
777 3777 860 3881 esse,
885 3802 950 3865 nisi
973 3825 1016 3866 ex
1035 3807 1202 3891 ambiguo,

966 3927 1198 3994 controversia.

220 4152 233 4180 ’
246 4153 405 4223 Mcy'eerattm
417 4164 540 4219 minuere,-
559 4176 584 4215 to
594 4169 703 4219 commit
713 4179 817 4222 treason.

220 4254 235 4318 i
254 4257 396 4315 Doctrinam
404 4260 487 4315 redolet
497 4286 507 4321 ‚·
526 4266 545 4315 it
554 4269 638 4319 smells
648 4272 713 4321 rank
721 4274 752 4323 of
759 4274 910 4326 ostentationi
921 4290 950 4328 or
957 4276 1087 4343 pedantrp.

1209 4225 1272 4286 D
