2742 4950
198 366 263 429 144x
482 355 515 417 D
539 374 559 417 s
604 354 681 418 On
705 374 728 416 A
753 367 777 417 r·
799 370 914 455 ons

196 529 231 591 in
243 546 281 591 co
294 523 362 587 fore
375 539 505 606 genere,
515 523 608 603 quod
616 521 734 585 merito
745 516 905 606 propter*
928 541 1056 601 eorum,
1081 523 1143 605 qui
1169 510 1227 587 (se,

195 645 325 713 dicendi
339 644 465 709 ratione
479 642 698 727 disputarunt,
706 627 917 730 jejunitalem
944 645 1107 708 bonarum
1139 643 1233 708 arti·¹

192 767 484 855 monstruosi.
521 766 725 851 x,trinutum
743 768 824 835 min
850 738 985 851 quidem
1012 768 1154 851 videtur
1184 771 1220 833 rs

194 891 307 956 Crassi
321 907 355 957 et
369 888 508 956 Antonii
522 910 672 953 sermone
681 894 759 955 ‘esse
772 892 985 974 praeteritum,
1005 892 1095 974 quod
1117 889 1224 973 quis·

193 1041 294 1102 quam
305 1016 444 1083 summis
456 1013 608 1098 ingeniis,
632 1013 809 1098 acerrimis
833 1015 962 1095 studiis,
983 1018 1107 1101 optima
1134 1020 1227 1083 doo-

193 1143 293 1220 trina,
305 1142 451 1205 maximo
465 1161 528 1202 usu
538 1138 694 1224 cognosci
706 1161 746 1202 ac
754 1141 880 1224 percipi
898 1142 1042 1226 potuisse
1070 1142 1222 1205 arbitra·

194 1275 307 1328 retur:
333 1265 423 1346 quod
431 1276 468 1325 tu
481 1261 638 1324 facillime
661 1265 787 1345 poteris
802 1263 967 1350 judicare,
990 1266 1047 1345 qui
1066 1263 1223 1347 pruden-

194 1389 276 1453 tiam
285 1389 512 1472 rationemque
526 1388 659 1452 dicendi
680 1410 741 1473 per
764 1403 797 1454 te
813 1390 954 1472 ,ipsum3
978 1410 1076 1454 usum
1103 1400 1223 1453 autem

193 1526 252 1587 per
262 1526 325 1569 nos
335 1508 499 1590 percipere
512 1506 657 1570 voluisti.
705 1506 786 1585 Sed,
808 1525 874 1588 quo
900 1505 1009 1583 citius,
1035 1506 1099 1567 hoc
1120 1504 1222 1587 quod

190 1609 412 1702 suscepimus,
423 1640 489 1680 non
510 1620 675 1684 mediocre
702 1641 820 1682 munus
846 1620 1005 1682 conficere
1031 1617 1221 1701 possimus,

196 1739 319 1804 omissa
330 1755 442 1803 nostra
454 1738 704 1817 adhortatione,
718 1741 760 1803 ad
778 1748 905 1816 eorum,
932 1742 1015 1821 quos
1038 1738 1223 1822 proposui-

197 1882 285 1942 mus,
298 1884 483 1929 sermonem
495 1860 815 1944 disputationemque
828 1860 1009 1925 veniamus.
1071 1859 1220 1924 Postero

198 1996 301 2080 igitur
309 1991 363 2053 die
379 2010 477 2070 quam
491 1985 651 2049 illaerant
663 1972 746 2062 acta,
756 1983 839 2046 hora
861 1974 928 2048 scre
955 1984 1109 2063 secunda,
1134 2006 1221 2047 cum

196 2117 297 2181 etiam
311 2125 381 2173 tum
393 2092 526 2172 inlecto
539 2111 679 2172 Crassus
693 2124 791 2189 esset,
802 2123 836 2173 et
848 2113 936 2196 apud
953 2132 1029 2193 eunt
1053 2111 1221 2195 Sulpitius

196 2235 324 2300 sederet
336 2255 351 2304 ·,
361 2227 526 2291 Antonius
540 2241 652 2291 autem
666 2229 974 2295 inambularctcum
986 2234 1086 2300 Cotta
1093 2234 1131 2297 in'
1140 2253 1219 2318 por·

197 2360 278 2438 ticu,
288 2362 423 2441 repente
448 2375 488 2418 oo
508 2354 564 2430 Q,
579 2353 714 2435 Catulus
736 2374 839 2447 senex
864 2375 940 2417 cum
966 2357 1005 2419 C.
1032 2357 1123 2438 Julio
1149 2357 1220 2419 fra·

170 2559 173 2566 ,
199 2497 249 2549 tre
283 2485 398 2548 venit:
424 2485 514 2567 quod
526 2482 581 2545 ubi
606 2479 744 2559 audivit,
766 2494 949 2543 commotus
977 2481 1116 2544 Crassus
1143 2503 1222 2545 sur·

120 2685 123 2692 ’
200 2607 298 2684 rexit,
312 2626 491 2685 omnesque
505 2603 659 2674 admirati
670 2604 831 2690 majorem
854 2602 998 2683 aliquam
1022 2622 1092 2665 esso
1119 2621 1219 2664 caus·

200 2746 272 2788 som
284 2745 400 2788 eorum
413 2725 572 2787 adventus
581 2724 737 2806 suspicati
752 2737 838 2787 sunt.
885 2722 1040 2797 Quicum
1053 2723 1137 2785 inter
1166 2746 1220 2801 sc,

200 2859 238 2906 ut
259 2845 405 2928 ipsorum
431 2862 510 2902 usus
534 2841 670 2919 ferebat,
713 2844 915 2924 amicissime
950 2847 1222 2930 consalutassent,

201 2963 295 3039 Quid
307 2986 366 3028 vos
374 2963 529 3028 tandem?
545 2961 695 3040 Crassus,
708 2983 787 3023 num
801 2963 971 3044 quidnam,
984 2966 1102 3049 inquit,
1115 2959 1217 3036 novi?

203 3087 301 3151 Nihil
314 3087 523 3170 sane,-inquit
537 3085 673 3149 Catulus
686 3103 704 3160 ;'
731 3085 861 3149 etenim·
878 3088 972 3153 vides
999 3113 1071 3152 esse
1094 3091 1221 3155 ludos:
1291 3077 1300 3100 ‘

205 3211 263 3276 sed
298 3210 351 3275 vel
384 3224 422 3273 tu
455 3231 515 3272 nos
546 3209 672 3292 ineptos
714 3208 803 3288 licet,
838 3204 956 3294 inquit,
976 3211 1031 3275 vel
1057 3210 1218 3280 molestos

202 3341 320 3414 putes:
345 3353 421 3393 cum
433 3331 475 3391 ad
484 3351 536 3393 me
550 3329 585 3391 in
597 3330 833 3413 Tusculanum,
850 3332 969 3417 inquit,
992 3333 1065 3397 heri
1087 3334 1218 3420 vesperi

203 3451 349 3544 uenisset
363 3450 474 3516 Caesar
482 3452 523 3514 de
539 3450 727 3515 Tusculano
740 3473 813 3531 su0,
827 3456 913 3518 dixit
926 3454 1009 3518 mihi
1024 3477 1043 3517 a
1068 3477 1103 3517 so
1128 3456 1218 3523 scae.

203 3570 313 3634 volam
323 3569 399 3633 hinc
413 3582 546 3632 cuntem
560 3592 631 3635 esse
644 3584 851 3658 conventum,
865 3594 907 3634 ex
933 3593 998 3654 quo
1022 3573 1105 3635 mira
1127 3596 1217 3656 quae·

204 3696 281 3757 dam
295 3715 329 3756 se
344 3694 473 3759 audisse
488 3692 628 3777 dicebat,
641 3711 687 3777 te,
713 3719 811 3780 quem
836 3718 900 3782 ego
925 3696 1022 3763 toties
1046 3696 1136 3760 omni
1162 3720 1214 3762 ra·

204 3812 292 3878 tione
306 3828 434 3879 tentans
462 3808 513 3880 ad'
531 3817 764 3901 disputandum
789 3817 905 3884 elicere
932 3837 998 3881 non
1022 3820 1214 3903 potuissem,

1054 3940 1213 4024 permulta

235 4181 247 4211 ¹⁹
265 4181 361 4235 Eorum
377 4181 400 4233 is
415 4182 540 4248 governed
555 4185 586 4251 by
605 4187 705 4238 arrium.
