2742 4950
518 324 939 399 Lautullost
1157 353 1200 415 ἐς

182 507 310 596 (quod
320 506 384 571 iere
392 505 462 590 jam
476 517 605 586 tempus
617 499 783 582 adventat)
799 500 934 564 deficere
949 502 1129 587 coepissent,
1143 502 1206 572 ista

189 627 238 690 ab
253 627 425 691 solitudine
439 629 575 692 domum
585 644 697 688 meam
707 623 917 690 vindicarem.
956 625 1106 699 Quidest
1116 628 1204 693 enim

186 750 493 835 praeclarius,quam
509 751 646 834 publicae
661 748 849 812 muneribus
861 748 1064 830 perfunctum
1088 774 1204 816 senem

181 890 290 957 posse
305 895 365 938 suo
371 877 446 961 jure
458 877 567 940 dicere
582 875 670 939 idem
683 874 771 955 quod
785 873 870 955 apud
883 872 1027 935 Ennium
1040 875 1128 937 dicat
1152 876 1211 942 ille

180 993 335 1078 Pythius
349 998 484 1082 Apollo,
499 1000 541 1061 Se
559 1019 630 1062 esse
645 1017 733 1071 eum,
745 995 832 1055 unde
844 994 919 1071 sibi,
933 993 1040 1055 sinon
1051 996 1160 1080 populi
1172 1011 1206 1061 et

171 1132 305 1206 reges,
327 1134 361 1184 at
372 1143 486 1185 omnes
500 1121 551 1182 sui
565 1119 655 1181 cives
668 1114 842 1177 consilium
856 1128 1018 1197 expetant,

259 1217 402 1310 Suartrm
423 1267 532 1309 rerum
552 1242 694 1307 incerti:
715 1262 792 1326 quor
816 1261 872 1323 ego
896 1261 963 1303 mea
985 1256 1041 1327 ope
1055 1260 1104 1302 ex

265 1370 525 1432 Incertircertor
548 1378 759 1451 compotesque
779 1366 888 1429 consili

220 1522 224 1529 ·
261 1487 412 1565 Dimitta
433 1502 469 1550 ut
490 1509 529 1553 ne
553 1510 604 1551 res
630 1500 744 1549 temere
757 1460 903 1552 'tractent
924 1489 1100 1554 turbidas?

189 1604 262 1669 Est
275 1603 365 1667 enim
378 1605 448 1668 sine
462 1607 562 1670 dubio
572 1608 690 1668 domus
696 1605 921 1691 jurisconsulti
929 1610 1030 1671 totius
1039 1612 1208 1675 oraculum

188 1730 355 1796 civitatisa
374 1725 507 1826 ‘Testis
521 1741 570 1793 est
585 1728 721 1812 hujusce
737 1726 781 1800 Q.
798 1728 901 1790 Mutii
910 1730 1012 1813 janua
1024 1745 1057 1796 et
1064 1735 1209 1797 restibu-

167 1842 172 1858 ⁴
184 1851 280 1933 lum,
291 1852 378 1934 quod
390 1850 423 1911 'm
431 1849 501 1934 ejus
512 1847 739 1911 infirmissima
751 1819 938 1935 valetudine
950 1853 1129 1934 affectaque
1139 1856 1210 1937 jam

195 1984 307 2049 aetate,
317 1970 464 2034 maxima
472 1968 619 2052 quotidie
629 1966 815 2048 frequentia
828 1967 952 2030 civium
963 1992 999 2032 ac
1008 1946 1211 2040 summorum

194 2094 373 2157 hominum
386 2093 554 2175 splendore
565 2088 758 2173 celebratur⁴
849 2163 853 2169 ἢ

248 2306 262 2380 l
287 2303 412 2371 XLVI.
457 2305 532 2386 Jam
544 2325 624 2369 vero
638 2304 694 2367 illa
705 2325 771 2366 non
783 2304 916 2387 longam
930 2303 1111 2368 orationem
1125 2307 1210 2373 desi·

117 2427 133 2448 ⁴
203 2424 331 2503 derant,
345 2426 556 2514 quamobrem
567 2426 756 2492 existimem
768 2422 1035 2505 publicaquoque
1043 2424 1131 2509 jura,
1144 2447 1214 2507 qua¹

198 2563 276 2610 sunt
298 2549 431 2631 propria
454 2534 596 2611 civitatis
620 2559 719 2625 atque
740 2544 882 2627 imperii,
907 2559 977 2608 tum
1003 2563 1213 2613 monumenta
1282 2593 1284 2598 -

186 2647 503 2755 rerumgestarum,
524 2666 738 2730 etvetustatis
754 2667 900 2750 exempla
921 2671 1041 2732 oratori
1054 2685 1131 2734 nota
1142 2694 1215 2735 esse

201 2794 348 2854 debere:
371 2811 458 2868 nam,
485 2802 520 2852 ut
546 2788 580 2849 in
604 2809 714 2852 rerum
740 2790 941 2873 privatarum
966 2794 1089 2857 caussis
1114 2810 1213 2879 atque·

197 2913 337 3003 judiciis
350 2910 573 2994 depromenda
596 2929 681 2992 saepe
706 2909 810 2971 oratio
838 2921 888 2972 est
906 2907 950 2974 ex
968 2909 1043 2993 jure
1057 2911 1158 2990 ciuili,
1180 2926 1213 2977 et

201 3040 338 3118 ideirco,
363 3049 402 3099 ut
425 3048 498 3099 ante
520 3014 677 3114 diximus,
703 3035 825 3097 oratori
846 3032 932 3118 juris
957 3032 1062 3094 civilis
1076 3037 1213 3101 scientia

201 3143 387 3227 necessaria
401 3173 468 3234 est;
492 3158 539 3221 sic
553 3159 587 3221 in
599 3157 723 3222 caussis
734 3153 872 3238 publicis
880 3152 1095 3248 judiciorum,
1109 3160 1215 3236 conci-1

206 3262 315 3353 onum,
339 3290 479 3359 senatus,
506 3276 613 3338 omnis
634 3275 699 3341 haec
715 3285 749 3334 et
772 3267 975 3352 antiquitatis
999 3272 1169 3355 memoria
1184 3291 1219 3342 et

208 3394 329 3480 publici
345 3395 434 3479 juris
461 3393 646 3474 auctoritas,
674 3409 707 3457 et
718 3395 865 3479 regenda
880 3392 1162 3478 reipublicae·ratio
1176 3422 1214 3461 ac

208 3512 355 3592 scientia,
376 3525 528 3596 tanquam
552 3515 660 3597 aliqua
682 3513 847 3590 materies,
872 3511 914 3574 iis
938 3511 1132 3592 oratoribus,
1158 3519 1215 3597 qui

206 3651 378 3724 versantur
391 3637 425 3699 in
437 3636 614 3722 republica,
636 3636 781 3722 subjecta
794 3657 864 3698 esse
879 3624 986 3698 debet.
1033 3636 1112 3698 Non
1127 3638 1216 3705 enim

210 3761 410 3824 causidicum
435 3760 546 3823 nescio
573 3780 683 3842 quem,
709 3777 814 3839 neque
841 3755 1123 3846 proclamatorem,
1159 3777 1215 3829 aut

204 3882 382 3946 rabulam*
403 3880 466 3946 hoc
490 3900 640 3945 sermone
663 3893 776 3943 nostro
790 3879 1026 3964 conquirimus,
1051 3869 1112 3950 sed
1137 3907 1214 3951 eum
1250 3953 1253 3960 ,

1089 4006 1215 4081 uirum,

105 4243 110 4250 ἢ
238 4176 253 4204 ‘l
271 4175 404 4234 Rubrium,
422 4177 605 4244 apettifogger,
635 4178 680 4237 Ut,
697 4173 1074 4247 asamsaatta,itaaradeudo
1083 4174 1219 4240 cll-rabula.

199 4267 266 4335 morl
278 4268 349 4337 rodit,
366 4272 416 4325 ie.
432 4270 527 4353 ‹Jffmdlt
541 4290 617 4327 aaa·
652 4273 764 4346 calepin.
780 4275 918 4356 Dictioqar.
