2742 4950
513 289 551 401 'L
573 354 588 399 1
611 354 633 399 s
654 354 676 398 z
700 353 723 397 a
763 316 815 396 il.
861 339 914 397 56.
1174 350 1239 409 187

233 492 290 583 'l
310 505 421 575 ῙΝΙ.Ι
450 503 518 569 Sed
527 502 597 597 haec
608 500 735 587 tragica
746 514 842 583 atque
856 500 991 565 divinar
1012 502 1240 574 facetaautern

226 596 400 696 eturbana
409 624 659 690 innumerabilia
671 645 714 686 ex
723 644 790 688 una
802 624 1007 688 contentione
1021 630 1239 711 meministis-3

228 744 289 813 nec
301 752 390 817 enirn
400 751 516 816 concio
529 750 637 835 major
649 758 807 831 umquam
819 744 895 824 fuit,
909 767 972 809 nec
986 751 1072 832 apud
1082 755 1241 837 populum

227 862 361 961 ‘gravior
372 876 491 950 oratio,
518 884 618 957 quant
641 870 739 958 hujus
752 883 868 934 contra
886 868 1047 955 collegam
1060 872 1094 934 in
1107 896 1244 942 censura

226 980 342 1083 nuper,
366 1017 474 1081 neque
495 996 608 1081 lepore
634 1008 669 1060 et
697 993 876 1058 festivitate
901 991 1075 1055 conditior.
1126 995 1242 1071 Quare
1334 1056 1339 1079 ,

225 1116 300 1199 nbi,
314 1119 454 1200 Antoni,
475 1133 654 1204 utrumqne
667 1116 836 1197 assentior,
858 1128 891 1177 et
903 1113 1044 1177 multum
1058 1112 1192 1180 facetias
1206 1116 1240 1211 in

223 1241 371 1308 dicendo
395 1241 555 1324 prodesse
578 1260 674 1324 sape,
701 1254 803 1306 eteas
818 1252 888 1303 arte
911 1238 1001 1303 nullo
1025 1239 1127 1303 modo
1149 1259 1244 1323 posse

220 1362 328 1427 tradi.
372 1362 462 1426 Illud
484 1363 617 1447 quidem
640 1365 800 1443 admiror,
822 1346 855 1428 te
878 1363 973 1428 nobis
993 1363 1031 1427 in
1056 1383 1098 1426 eo
1122 1384 1243 1448 genere
1272 1414 1281 1457 3

229 1482 383 1550 tribuisse
396 1496 536 1565 tantuin,
558 1498 593 1552 et
611 1506 678 1550 non
694 1486 796 1576 hujus
818 1486 867 1552 rei
880 1508 1011 1571 quoque
1033 1486 1186 1572 palmam,
1208 1499 1245 1549 ut

226 1569 427 1684 'caeterarum
458 1607 594 1671 Crasso
609 1606 778 1669 detulisse.
832 1604 927 1667 'Tum
953 1605 1132 1685 Antonius,
1168 1603 1244 1690 Ego
1272 1588 1276 1597 ³

227 1742 308 1788 vero
320 1723 368 1788 ita
379 1724 546 1805 fecissem,
567 1726 687 1809 inquit,
711 1723 776 1788 nisi
796 1723 961 1820 interdum
981 1725 1021 1791 'in
1042 1725 1106 1789 boc
1122 1725 1243 1788 Crasso

227 1845 578 1931 paulominvideremc
600 1868 679 1911 narn
703 1866 775 1912 esse
800 1843 953 1927 quemvis
977 1843 1122 1906 facetum
1144 1857 1244 1926 atque

227 1971 363 2050 salsum,
387 1990 454 2033 uon
476 1971 575 2035 nimis
599 1984 649 2035 est
670 1984 732 2054 per
751 1969 898 2053 seipsum
907 1965 1150 2043 inv'idendum3
1174 1970 1244 2048 sed,

227 2110 307 2154 cum
317 2090 466 2154 omnium
477 2091 520 2156 sit
529 2075 782 2157 renustissimus
795 2105 828 2154 et
835 2089 1082 2168 urbanissimus,
1091 2089 1245 2152 omnium

230 2212 463 2296 gravissimum
474 2228 507 2279 et
517 2215 766 2280 severissimum
779 2227 814 2276 et,
824 2234 895 2279 esse
909 2223 943 2276 et
955 2209 1074 2290 videri,
1087 2210 1176 2294 quod
1187 2210 1242 2275 isti

230 2334 369 2421 contigit
380 2337 449 2418 uni,
462 2338 499 2402 id
511 2339 593 2404 mihi
606 2340 665 2403 vix
675 2339 849 2404 ferendum
858 2336 1047 2399 videbatur.⁴
1089 2333 1156 2398 Hic
1167 2312 1244 2400 cum

229 2462 393 2529 arrisisset
406 2463 475 2549 ipse
490 2465 644 2544 Crassus,
665 2466 835 2543 Attamen,
853 2462 964 2545 'inquit
979 2459 1155 2540 Antonius,
1168 2482 1244 2526 cum

223 2598 331 2649 artem
344 2605 416 2647 esse
429 2582 636 2663 facetiarum,
650 2583 732 2665 Juli,
743 2602 892 2667 negares,
904 2579 1059 2665 aperuisti
1073 2579 1243 2663 quiddam,
1256 2587 1258 2592 ’

230 2704 321 2785 quod
332 2702 594 2785 praecipiendum
607 2693 795 2769 videretur:
815 2703 929 2770 baberi
942 2703 1169 2770 enim'dixisti
1193 2726 1243 2769 ra·
1267 2675 1272 2685 θ

231 2821 357 2886 tionem
370 2838 520 2909 oportere
530 2809 714 2910 hominum,
727 2828 788 2909 rei,
809 2827 981 2913 temporis,
1004 2849 1044 2894 ne
1057 2830 1137 2913 quid
1145 2829 1243 2916 jocus

231 2945 274 3010 de
287 2948 446 3032 gravitate
455 2948 665 3036 decerperet:
681 2954 769 3036 quod
781 2952 914 3035 quidem
927 2953 961 3013 in
971 2949 1086 3032 primis
1096 2974 1114 3014 a
1124 2954 1244 3015 Crasso

230 3067 396 3133 observari
410 3070 503 3136 solet.
551 3074 619 3137 Sed
630 3076 695 3136 hoc
715 3057 908 3155 praeceptum
928 3070 1242 3150 praetermittendum

230 3204 281 3252 est
290 3190 495 3267 facetiarum,
521 3213 597 3254 cum
609 3177 662 3252 his
674 3190 759 3250 nihil
772 3209 853 3272 opus
867 3186 910 3248 sit
925 3210 933 3248 ε
956 3208 1017 3249 nos
1031 3202 1153 3268 autem,
1166 3213 1244 3273 quo·

234 3312 334 3373 modo
347 3324 490 3386 utamur,
514 3330 590 3371 cum
603 3330 689 3392 opus
698 3309 752 3390 sit,
767 3307 948 3394 quaerimus
964 3335 973 3383 ;
996 3321 1033 3372 ut
1041 3309 1080 3374 'in
1093 3312 1244 3377 adversa·

237 3429 338 3509 rium,
351 3443 385 3495 et
395 3427 539 3493 maxime
551 3429 579 3492 si
592 3429 663 3516 ejus
677 3432 814 3495 stultitia
825 3432 945 3517 poterit
959 3433 1114 3518 agitari*
1137 3436 1170 3498 in
1180 3450 1245 3499 tes·

233 3564 301 3618 tem
315 3552 469 3632 stultum,
482 3552 649 3640 cupidum,
660 3554 780 3636 levem,
794 3557 822 3619 si
834 3555 929 3623 facile
941 3557 1091 3619 homines
1102 3561 1246 3627 audituri

232 3676 440 3743 videbuntur.
488 3677 635 3740 Omnino
655 3678 873 3764 probabiliora
896 3693 980 3759 suut,
1008 3703 1078 3766 quae
1099 3685 1243 3753 lacessiti

234 3797 387 3875 dicimus,
413 3816 511 3878 quam
536 3817 602 3878 qua
624 3794 772 3882 priores:
795 3815 925 3865 namet
948 3801 1073 3888 ingenii
1096 3809 1244 3876 celeritas

231 3917 338 4004 major
351 3928 413 3992 est,
437 3935 508 3996 qua
524 3914 703 3998 apparatio
715 3919 956 4002 respondendo,
985 3937 1018 3989 et
1031 3925 1242 3995 humanitatis

1191 4061 1241 4112 est

271 4287 389 4365 wasa
398 4294 694 4372 mrtsrapoeareagasr.
727 4263 1094 4373 nusanycanaeexposed
1192 4341 1195 4351 ·
