2742 4950
196 408 266 465 m
478 391 901 493 DaNOsAToM

190 565 300 633 dixit?
325 562 365 623 Id
388 556 585 636 mehercule,
610 555 717 638 inquit
741 555 889 640 Catulus,
913 555 1091 645 admirans,
1116 556 1199 627 illud
1256 593 1258 597 ·

185 688 256 771 jam
264 678 374 742 mirari
384 678 511 756 desino,
519 676 614 759 ,quod
622 675 726 739 multo
735 678 837 763 magis
850 692 922 743 ante
934 677 1087 758 mirabar,
1098 681 1203 760 hunc,

189 826 263 866 cum
288 802 358 865 haec
381 803 534 880 nesciret,
559 799 594 862 in
616 801 756 865 dicundo
774 822 866 886 posse
889 776 1026 867 tantum.
1070 804 1199 885 Atqui,

189 919 318 997 Catule,
340 920 447 1003 inquit
462 916 645 995 Antonius,
658 938 797 1002 nonego
808 920 980 984 utilitatem
995 919 1138 1003 aliquam
1151 922 1202 984 ad

188 1043 366 1108 dicendum
380 1060 541 1125 aucupans
554 1038 673 1100 horum
684 1038 785 1102 libros
795 1053 828 1103 et
841 1040 1010 1109 nonnullos
1022 1041 1115 1119 ulios,
1133 1043 1199 1106 sed

189 1166 416 1230 delectationis
428 1186 555 1243 caussa,
569 1183 644 1226 cum
657 1174 707 1226 est
718 1161 832 1241 otium,
843 1156 1062 1247 legere'soleo.
1103 1165 1203 1239 Quid

189 1284 291 1366 ergo?
316 1284 376 1344 Est
387 1282 503 1359 fateor,
522 1280 647 1360 aliquid
660 1293 790 1341 tamen:
814 1293 861 1358 ut,
876 1303 950 1344 cum
963 1283 997 1343 in
1009 1285 1076 1346 sole
1088 1284 1201 1347 ambu·
1267 1304 1273 1324 ·

185 1404 264 1485 lem,
278 1403 405 1468 etiamsi
430 1400 532 1467 aliam
555 1400 597 1461 ob
621 1421 772 1463 caussam.
793 1404 968 1484 ambulem,
995 1407 1066 1469 fieri
1085 1418 1202 1467 natura
1268 1412 1271 1417 ’

188 1537 309 1600 tamen,
333 1538 369 1587 ut
383 1525 530 1596 colorer3
554 1522 613 1601 sie,
637 1544 713 1586 cum
735 1521 814 1583 istos
839 1518 939 1583 libros
961 1524 1003 1584 ad
1028 1526 1201 1588 Misenum
1279 1516 1284 1530 ¹

189 1651 279 1735 (nam
295 1616 411 1713 Romae
430 1642 487 1705 vix
506 1640 597 1723 licet)
624 1640 804 1701 studiosius
828 1641 978 1725 legerim,
1005 1643 1110 1705 sentio
1125 1663 1201 1705 ora-

188 1746 312 1830 tionem
334 1787 445 1829 meam
468 1764 598 1826 illorum
622 1775 719 1824 cantu
743 1746 835 1841 quasi
849 1761 997 1835 colorari.
1053 1740 1133 1845 Sed,
1153 1784 1196 1827 ne

189 1886 288 1951 latius
301 1888 363 1949 hoc
376 1886 469 1949 vobis
482 1870 590 1968 patere
604 1883 764 1960 videatur,
776 1881 847 1950 haec
861 1883 1061 1947 duntaxat-in
1072 1885 1200 1948 Graecis

191 2008 350 2089 intelligo,
375 2029 449 2088 quae
463 2005 536 2087 ipsi,
560 2002 616 2086 qui
632 2001 839 2085 scripserunt,
863 2002 1037 2065 voluerunt
1060 2026 1078 2065 a
1097 2006 1204 2089 vulgo

189 2125 338 2206 intelligi.
385 2125 425 2182 In
438 2123 647 2204 philosophos
661 2140 788 2188 vestros
809 2125 837 2187 si
857 2127 985 2209 quando
1005 2126 1118 2205 incidi,
1146 2126 1211 2189 de?

191 2256 302 2327 ceptus
322 2239 484 2302 iudicibus
496 2237 667 2317 librorum,
694 2244 784 2322 quod
807 2259 883 2304 sunt
905 2220 975 2311 fere
998 2246 1147 2330 inscripti
1161 2246 1201 2314 de

190 2368 286 2433 rebus
298 2364 384 2427 notis
403 2376 435 2428 et
454 2360 644 2440 illustribus,
655 2360 708 2423 ‘de
720 2362 854 2443 virtute,
869 2366 910 2428 de
917 2368 1062 2450 justitia,
1089 2371 1131 2432 da
1145 2370 1202 2431 ho·

192 2505 330 2569 aestate,
342 2490 384 2556 de
395 2487 570 2571 voluptate,
587 2484 724 2549 verbum
737 2506 867 2569 prorsus
880 2489 1007 2552 nullum
1021 2492 1173 2582 intelligo
1190 2519 1204 2568 ς

194 2619 240 2681 ita
266 2628 340 2679 sunt
362 2586 512 2698 angustis
539 2625 572 2673 et
599 2608 737 2672 concisis
763 2611 1034 2695 disputationibus
1067 2616 1200 2701 illigati.

194 2737 311 2800 Poetas
325 2731 586 2817 omnin0,vquasi
609 2732 672 2794 alia
695 2735 837 2815 quadam
848 2737 961 2822 lingua
970 2738 1110 2817 locutos,
1132 2758 1202 2801 non
1278 2726 1282 2733 ¹

194 2874 295 2921 eonor
308 2852 466 2937 attingere
481 2876 496 2924 ι,
517 2849 653 2913 cumbis
665 2872 719 2914 me
741 2860 793 2943 (ut
805 2855 892 2939 dixi)
914 2857 1053 2937 oblecto,
1078 2858 1135 2942 qui
1147 2877 1201 2920 res

194 2987 314 3062 gestas,
338 2985 393 3035 aut
416 2972 472 3056 qui
497 2972 659 3036 orationes
672 2973 871 3056 scripserunt
884 2990 975 3053 suas,
996 2991 1052 3041 aut
1077 2981 1133 3062 qui
1158 2975 1203 3041 ita

193 3099 382 3180 loquuntur,
409 3107 446 3158 ut
470 3094 641 3158 videantur
664 3091 804 3160 voluisse
828 3117 901 3162 esse
926 3097 1033 3172 nobis,
1057 3100 1205 3180 quinon

196 3240 308 3285 mmus
322 3218 552 3298 eruditissimi,
561 3216 754 3298 familiares,
772 3218 839 3283 Sed
851 3218 927 3283 illuc
939 3220 1052 3284 reden.

100 3391 184 3451 „R
514 3451 517 3454 Ι
1183 3425 1194 3448 .

241 3456 255 3532 l
278 3459 354 3523 XV·
399 3453 583 3534 Videtisne,
597 3472 755 3537 quantum
766 3480 883 3522 munus
897 3457 940 3536 sit
952 3461 1093 3524 oratoris
1103 3461 1207 3523 histo·⁴

195 3575 244 3638 ria
257 3576 269 3637 l
291 3575 377 3638 haud
402 3573 481 3651 scio,
505 3595 546 3636 au
568 3574 701 3640 flumine
715 3576 869 3655 orationis
884 3591 917 3640 et
930 3580 1086 3643 varietate
1099 3579 1200 3644 maxi·

104 3782 108 3791 .
149 3772 156 3779 .
196 3711 312 3753 mume
344 3707 449 3775 nequ'e
473 3708 582 3756 tamen
606 3717 678 3757 eam
710 3697 839 3779 reperio
863 3717 1003 3780 usquam
1026 3696 1199 3782 separatim
1261 3751 1268 3754 ,

197 3805 388 3872 instructam
411 3809 578 3891 rhetorum
601 3815 790 3899 praeceptis:
815 3815 878 3880 sita
900 3818 1001 3880 sunt*
1024 3817 1110 3880 enim
1124 3829 1198 3881 ante

156 4021 160 4024 7
198 3928 320 3998 oculos.
369 3933 458 3995 Nam
472 3934 545 4017 quis
557 3935 673 4026 neseit,
685 3940 825 4024 primam
838 3964 908 4007 esse
920 3938 1064 4004 historiae
1077 3942 1199 4022 legem,

1140 4059 1197 4121 Ne

229 4285 242 4312 ¹
259 4284 389 4347 Sitaeunn¹
407 4304 440 4340 sc.
457 4301 579 4357 precepta
592 4289 701 4345 laetorii
716 4295 854 4346 scribenda.
