2742 4950
178 371 241 428 tta
467 356 924 427 brunnon

174 530 317 609 lammeri
326 526 484 621 principes
496 526 663 590 exierunt:
676 530 737 592 'scd
748 548 863 591 eorum
876 530 995 612 partim
1010 532 1044 595 in
1053 553 1185 619 pompa,

172 655 291 741 partim
305 655 337 715 in
350 653 420 717 anie
434 654 578 718 illustres
590 678 662 745 esse
675 656 857 721 voluerunt.

212 902 227 978 i
241 903 377 966 XXIII.
416 906 529 988 Itaque
544 922 577 968 et
593 907 639 968 illi
654 905 876 989 Theopompi,
892 904 1029 987 Ephori,
1041 898 1194 979 Philisti,

172 1022 367 1100 Naucratae,
385 1027 544 1110 multique
558 1028 614 1090 alii
626 1028 779 1091 naturis*
794 1028 949 1091 differunt
964 1053 972 1101 3
994 1023 1192 1102 voluntate't

171 1162 282 1214 tutem
295 1151 423 1214 similes
436 1165 512 1215 sunt
522 1168 556 1216 et
567 1152 652 1215 inter
664 1173 735 1216 sese
747 1166 780 1216 et
788 1153 956 1237 magistri:
982 1166 1015 1217 et
1028 1152 1066 1230 ii,
1078 1150 1138 1234 qui
1152 1173 1193 1214 se

173 1272 216 1363 ad
242 1286 373 1337 caussas
397 1276 613 1353 contulerunt,
639 1289 676 1338 ut
705 1276 959 1354 Demosthenes,
984 1272 1191 1366 Hyperides,

173 1387 358 1475 Lycurgus,
369 1390 551 1470 AEsch'mes,
567 1392 767 1471 Dinarchus,
778 1395 900 1477 aliique
914 1393 1116 1476 complures,
1125 1390 1194 1455 etsi

170 1505 307 1572 intense
320 1533 415 1593 pares
428 1534 494 1575 non
507 1490 648 1591 fuerunt,
669 1528 782 1577 tamen
796 1528 871 1578 suut
883 1535 999 1595 omnes
1013 1515 1047 1575 in
1070 1514 1196 1590 eodem

171 1629 303 1695 virtutis
334 1635 503 1725 imitandae
529 1657 647 1719 genere
674 1640 821 1701 versati:
858 1659 1000 1720 quorum
1025 1634 1194 1717 quamdiu

170 1751 291 1815 mansit
302 1753 457 1833 imitatio,
469 1756 598 1819 tamdiu
609 1774 710 1839 genus
725 1755 808 1818 illud
817 1754 948 1819 dicendi
972 1752 1192 1834 studiumque

172 1873 268 1938 vixit.
305 1877 536 1962 Posteaquam,
549 1879 1018 1958 extinctishis,omniseorum
1026 1876 1197 1945 memoria

172 2003 295 2089 sensim
320 2005 492 2068 obscurata
513 2018 610 2082 estet
632 2004 778 2082 evanuit,
799 2002 864 2066 alia
885 2007 1035 2087 quaedam
1057 1998 1209 2069 dicendi

170 2126 323 2187 molliora
350 2149 388 2188 ac
415 2129 605 2190 remissiora
619 2152 740 2215 genera
752 2132 948 2216 viguerunt:
972 2131 1048 2194 inde
1065 2130 1194 2213 Demo·

171 2251 297 2327 chares,
320 2271 418 2332 quem
438 2249 530 2310 aiunt
543 2252 666 2311 suroris
681 2252 787 2313 filium
806 2252 909 2317 fuisse
937 2251 1197 2324 Demostheni„

169 2390 242 2436 tum
267 2369 446 2434 Phalereus
470 2372 524 2434 ille
540 2372 744 2451 Demetrius,
771 2375 921 2435 omnium
936 2376 1089 2455 istorum,
1113 2396 1195 2457 mea

171 2495 346 2572 sententia,
370 2493 597 2577 politissimus,
622 2493 742 2575 aliique
764 2515 878 2559 eorum
898 2495 1026 2559 similes
1054 2498 1194 2561 exstite·
1282 2480 1286 2487 ⁵

172 2635 249 2683 runt
263 2644 271 2682 :
301 2640 372 2702 quae
387 2620 414 2679 si
439 2618 588 2680 volemus
612 2637 715 2698 usque
739 2621 781 2682 ad
793 2620 856 2681 hoc
878 2631 1010 2705 tempus
1022 2621 1193 2706 persequi,

172 2746 405 2828 intelligemus,
417 2755 453 2804 ut
463 2741 561 2805 hodie
576 2721 844 2805 Alabandensem
859 2742 951 2806 illum
961 2743 1155 2823 Meneclem
1163 2756 1199 2805 et
1267 2807 1270 2814 ,

172 2865 243 2948 ejus
254 2864 389 2926 fratrem
402 2860 604 2937 Hieroclem,
627 2881 711 2941 quos
726 2881 789 2945 ego
803 2860 927 2938 audivi,
948 2874 1020 2925 tota
1042 2862 1195 2925 imitatur

174 2981 283 3055 Asia3
306 2979 353 3040 sic
367 2998 497 3060 semper
510 2976 612 3039 fuisse
627 2976 783 3059 aliquem,
805 2978 901 3061 cujus
919 2998 953 3039 se
974 2976 1103 3041 similes
1126 2978 1195 3059 ple·

172 3103 267 3194 rique
281 3123 352 3164 esse
366 3099 498 3163 vellent.
544 3099 639 3163 Hanc
653 3098 755 3183 igitur
769 3095 1023 3159 similitudinem,
1044 3094 1100 3176 qui
1115 3095 1194 3158 imi·

172 3225 296 3288 tatione
310 3223 438 3304 assequi
453 3220 554 3298 volet,
572 3234 643 3282 tum
657 3216 945 3282 exercitationibus
959 3212 1080 3278 crebris
1091 3225 1193 3295 atque

172 3342 315 3427 magnis,
337 3355 409 3403 turn
429 3341 602 3402 scribendo
625 3339 770 3404 maxime
793 3350 1031 3422 persequatur:
1055 3332 1189 3417 quodsi

172 3467 229 3530 hic
259 3474 372 3527 noster
398 3457 717 3543 Sulpitius'faceret,
744 3462 848 3524 multo
877 3462 948 3546 ejus
972 3459 1078 3524 oratio
1103 3464 1190 3518 esset

169 3591 341 3678 pressior3
364 3589 485 3668 inqua
507 3604 593 3646 nunc
618 3582 796 3661 interdum,
822 3598 858 3645 ut
881 3585 914 3645 in
937 3561 1051 3643 herbis
1072 3578 1190 3641 rustici

174 3708 282 3771 solent
294 3707 417 3780 dicere,
430 3704 754 3768 insummaubertate
767 3703 851 3764 inest
863 3699 1011 3764 luxuries
1023 3697 1187 3780 quaedam,

163 3851 244 3915 quae
259 3831 336 3893 stilo
348 3827 553 3910 depascenda
566 3840 625 3890 est.
672 3826 743 3892 Hic'
762 3822 936 3908 Sulpitius,
959 3820 1019 3884 Me
1044 3819 1191 3902 quidem,

173 3954 292 4037 inquit,
313 3964 403 4016 recte
419 3972 542 4030 mones,
569 3950 669 4032 idque
683 3948 766 4014 mihi
783 3960 911 4033 gratum
923 3958 999 4018 est3
1023 3944 1082 4006 sed
1101 3953 1187 4005 nete

1039 4059 1188 4143 quidem,
1204 4042 1211 4054 ⁸

130 4305 132 4315 ,
201 4253 214 4278 ’
224 4252 333 4309 Nautis,
345 4250 370 4298 in
380 4250 444 4297 their
454 4249 574 4310 genimen

195 4354 215 4414 ’1
227 4354 352 4413 Voluptate,
364 4356 389 4404 iu
397 4353 460 4402 their
470 4361 540 4400 teste.
