<?xml version="1.0" encoding="UTF-8"?>
<!DOCTYPE html PUBLIC "-//W3C//DTD XHTML 1.0 Transitional//EN"
    "http://www.w3.org/TR/xhtml1/DTD/xhtml1-transitional.dtd">
<html xmlns="http://www.w3.org/1999/xhtml" xml:lang="en" lang="en">
 <head>
  <title>
</title>
<meta http-equiv="Content-Type" content="text/html;charset=utf-8" />
  <meta name='ocr-system' content='tesseract 3.04.00' />
  <meta name='ocr-capabilities' content='ocr_page ocr_carea ocr_par ocr_line ocrx_word'/>
</head>
<body>
  <div class='ocr_page' id='page_1' title='image "./mtulliiciceroni00smitgoog_0147.png"; bbox 0 0 2742 4950; ppageno 0'>
   <div class='ocr_carea' id='block_1_1' title="bbox 462 418 1178 490">
    <p class='ocr_par' dir='ltr' id='par_1_1' title="bbox 462 418 1178 490">
     <span class='ocr_line' id='line_1_1' title="bbox 462 418 1178 490; baseline 0.004 -5"><span class='ocrx_word' id='word_1_1' title='bbox 462 423 509 485; x_wconf 69' lang='lat' dir='ltr'>&#39;L</span> <span class='ocrx_word' id='word_1_2' title='bbox 532 441 545 483; x_wconf 93' lang='lat'>1</span> <span class='ocrx_word' id='word_1_3' title='bbox 570 418 772 485; x_wconf 74' lang='lat' dir='ltr'>anull.</span> <span class='ocrx_word' id='word_1_4' title='bbox 817 426 874 481; x_wconf 56' lang='lat'>24«</span> <span class='ocrx_word' id='word_1_5' title='bbox 1113 420 1178 490; x_wconf 74' lang='lat' dir='ltr'>ms</span> 
     </span>
    </p>
   </div>
   <div class='ocr_carea' id='block_1_2' title="bbox 170 586 1186 1048">
    <p class='ocr_par' dir='ltr' id='par_1_2' title="bbox 170 586 1186 1048">
     <span class='ocr_line' id='line_1_2' title="bbox 176 586 1185 678; baseline -0.005 -24"><span class='ocrx_word' id='word_1_6' title='bbox 176 594 322 678; x_wconf 90' lang='lat' dir='ltr'>quidem,</span> <span class='ocrx_word' id='word_1_7' title='bbox 345 588 482 667; x_wconf 84' lang='lat' dir='ltr'>Antoni,</span> <span class='ocrx_word' id='word_1_8' title='bbox 504 590 645 653; x_wconf 88' lang='lat' dir='ltr'>multum</span> <span class='ocrx_word' id='word_1_9' title='bbox 669 586 869 669; x_wconf 78' lang='lat' dir='ltr'>scriptitasse</span> <span class='ocrx_word' id='word_1_10' title='bbox 893 587 1043 650; x_wconf 83' lang='lat' dir='ltr'>arbitror.</span> <span class='ocrx_word' id='word_1_11' title='bbox 1091 593 1185 656; x_wconf 78' lang='lat' dir='ltr'>Tum</span> 
     </span>
     <span class='ocr_line' id='line_1_3' title="bbox 173 682 1184 797; baseline -0.004 -17"><span class='ocrx_word' id='word_1_12' title='bbox 173 718 240 797; x_wconf 90' lang='lat' dir='ltr'>ille,</span> <span class='ocrx_word' id='word_1_13' title='bbox 254 716 355 792; x_wconf 81' lang='lat' dir='ltr'><strong>Quasi</strong></span> <span class='ocrx_word' id='word_1_14' title='bbox 367 734 456 792; x_wconf 85' lang='lat' dir='ltr'>vero,</span> <span class='ocrx_word' id='word_1_15' title='bbox 470 713 590 797; x_wconf 89' lang='lat' dir='ltr'>inquit,</span> <span class='ocrx_word' id='word_1_16' title='bbox 599 731 666 773; x_wconf 88' lang='lat' dir='ltr'>non</span> <span class='ocrx_word' id='word_1_17' title='bbox 677 682 910 791; x_wconf 83' lang='lat' dir='ltr'>eapraecipiam</span> <span class='ocrx_word' id='word_1_18' title='bbox 922 708 1005 790; x_wconf 87' lang='lat' dir='ltr'>aliis,</span> <span class='ocrx_word' id='word_1_19' title='bbox 1014 732 1087 793; x_wconf 81' lang='lat' dir='ltr'>quae</span> <span class='ocrx_word' id='word_1_20' title='bbox 1096 713 1184 776; x_wconf 80' lang='lat' dir='ltr'>mih&#39;a</span> 
     </span>
     <span class='ocr_line' id='line_1_4' title="bbox 170 810 1177 926; baseline -0.002 -24"><span class='ocrx_word' id='word_1_21' title='bbox 170 842 231 926; x_wconf 89' lang='lat' dir='ltr'>ipsi</span> <span class='ocrx_word' id='word_1_22' title='bbox 261 840 390 905; x_wconf 86' lang='lat' dir='ltr'><strong>desint:</strong></span> <span class='ocrx_word' id='word_1_23' title='bbox 427 842 486 902; x_wconf 86' lang='lat' dir='ltr'>sed</span> <span class='ocrx_word' id='word_1_24' title='bbox 510 851 622 900; x_wconf 88' lang='lat' dir='ltr'>tamen</span> <span class='ocrx_word' id='word_1_25' title='bbox 644 856 687 895; x_wconf 89' lang='lat' dir='ltr'>nc</span> <span class='ocrx_word' id='word_1_26' title='bbox 712 810 836 897; x_wconf 82' lang='lat' dir='ltr'>tabulas</span> <span class='ocrx_word' id='word_1_27' title='bbox 861 834 995 916; x_wconf 82' lang='lat' dir='ltr'>quidem</span> <span class='ocrx_word' id='word_1_28' title='bbox 1019 837 1177 901; x_wconf 82' lang='lat' dir='ltr'>conficere</span> 
     </span>
     <span class='ocr_line' id='line_1_5' title="bbox 172 950 1186 1048; baseline -0.004 -27"><span class='ocrx_word' id='word_1_29' title='bbox 172 958 343 1025; x_wconf 84' lang='lat' dir='ltr'>existimor</span> <span class='ocrx_word' id='word_1_30' title='bbox 358 983 374 1035; x_wconf 42' lang='grc' dir='ltr'>ε,</span> <span class='ocrx_word' id='word_1_31' title='bbox 390 977 507 1022; x_wconf 84' lang='lat' dir='ltr'>verum</span> <span class='ocrx_word' id='word_1_32' title='bbox 520 969 553 1020; x_wconf 88' lang='lat' dir='ltr'>et</span> <span class='ocrx_word' id='word_1_33' title='bbox 575 954 609 1015; x_wconf 91' lang='lat' dir='ltr'>in</span> <span class='ocrx_word' id='word_1_34' title='bbox 631 953 694 1015; x_wconf 92' lang='lat' dir='ltr'>hoc</span> <span class='ocrx_word' id='word_1_35' title='bbox 719 973 807 1043; x_wconf 82' lang='lat' dir='ltr'>exre</span> <span class='ocrx_word' id='word_1_36' title='bbox 821 950 976 1014; x_wconf 86' lang='lat' dir='ltr'>familiari</span> <span class='ocrx_word' id='word_1_37' title='bbox 989 975 1076 1031; x_wconf 88' lang='lat' dir='ltr'>mea,</span> <span class='ocrx_word' id='word_1_38' title='bbox 1101 956 1186 1048; x_wconf 70' lang='lat' dir='ltr'>etin</span> 
     </span>
    </p>
   </div>
   <div class='ocr_carea' id='block_1_3' title="bbox 168 1071 1182 1279">
    <p class='ocr_par' dir='ltr' id='par_1_3' title="bbox 168 1071 1182 1279">
     <span class='ocr_line' id='line_1_6' title="bbox 170 1071 1180 1160; baseline -0.004 -21"><span class='ocrx_word' id='word_1_39' title='bbox 170 1077 227 1140; x_wconf 90' lang='lat' dir='ltr'>illo</span> <span class='ocrx_word' id='word_1_40' title='bbox 241 1099 348 1159; x_wconf 83' lang='lat' dir='ltr'>exeo,</span> <span class='ocrx_word' id='word_1_41' title='bbox 370 1077 459 1160; x_wconf 92' lang='lat' dir='ltr'>quod</span> <span class='ocrx_word' id='word_1_42' title='bbox 472 1074 560 1158; x_wconf 86' lang='lat' dir='ltr'>dico,</span> <span class='ocrx_word' id='word_1_43' title='bbox 582 1071 776 1156; x_wconf 91' lang='lat' dir='ltr'>quantulum</span> <span class='ocrx_word' id='word_1_44' title='bbox 800 1072 836 1133; x_wconf 91' lang='lat' dir='ltr'>id</span> <span class='ocrx_word' id='word_1_45' title='bbox 848 1093 987 1153; x_wconf 90' lang='lat' dir='ltr'>cumque</span> <span class='ocrx_word' id='word_1_46' title='bbox 1013 1084 1075 1147; x_wconf 83' lang='lat' dir='ltr'>est,</span> <span class='ocrx_word' id='word_1_47' title='bbox 1100 1072 1180 1154; x_wconf 88' lang='lat' dir='ltr'>quid</span> 
     </span>
     <span class='ocr_line' id='line_1_7' title="bbox 168 1186 1182 1279; baseline -0.012 -19"><span class='ocrx_word' id='word_1_48' title='bbox 168 1193 302 1273; x_wconf 78' lang='lat' dir='ltr'>faciam,</span> <span class='ocrx_word' id='word_1_49' title='bbox 321 1192 466 1279; x_wconf 86' lang='lat' dir='ltr'>judicari</span> <span class='ocrx_word' id='word_1_50' title='bbox 490 1197 608 1271; x_wconf 86' lang='lat' dir='ltr'>potest.</span> <span class='ocrx_word' id='word_1_51' title='bbox 654 1186 769 1267; x_wconf 89' lang='lat' dir='ltr'><strong>Atque</strong></span> <span class='ocrx_word' id='word_1_52' title='bbox 791 1207 862 1267; x_wconf 84' lang='lat' dir='ltr'>esse</span> <span class='ocrx_word' id='word_1_53' title='bbox 875 1199 986 1251; x_wconf 85' lang='lat' dir='ltr'>tamen</span> <span class='ocrx_word' id='word_1_54' title='bbox 999 1186 1120 1250; x_wconf 88' lang='lat' dir='ltr'>multos</span> <span class='ocrx_word' id='word_1_55' title='bbox 1132 1186 1182 1250; x_wconf 89' lang='lat' dir='ltr'>vi·</span> 
     </span>
    </p>
   </div>
   <div class='ocr_carea' id='block_1_4' title="bbox 169 1311 1186 1398">
    <p class='ocr_par' dir='ltr' id='par_1_4' title="bbox 169 1311 1186 1398">
     <span class='ocr_line' id='line_1_8' title="bbox 169 1311 1186 1398; baseline -0.008 -14"><span class='ocrx_word' id='word_1_56' title='bbox 169 1321 304 1394; x_wconf 86' lang='lat' dir='ltr'>demus,</span> <span class='ocrx_word' id='word_1_57' title='bbox 323 1317 381 1398; x_wconf 90' lang='lat' dir='ltr'>qui</span> <span class='ocrx_word' id='word_1_58' title='bbox 391 1314 558 1379; x_wconf 87' lang='lat' dir='ltr'>neminem</span> <span class='ocrx_word' id='word_1_59' title='bbox 571 1311 751 1389; x_wconf 80' lang='lat' dir='ltr'>imitentur,</span> <span class='ocrx_word' id='word_1_60' title='bbox 769 1324 801 1373; x_wconf 89' lang='lat' dir='ltr'>et</span> <span class='ocrx_word' id='word_1_61' title='bbox 814 1326 925 1395; x_wconf 90' lang='lat' dir='ltr'>suapte</span> <span class='ocrx_word' id='word_1_62' title='bbox 946 1326 1074 1392; x_wconf 83' lang='lat' dir='ltr'>natura,</span> <span class='ocrx_word' id='word_1_63' title='bbox 1094 1313 1186 1397; x_wconf 90' lang='lat' dir='ltr'>quod</span> 
     </span>
    </p>
   </div>
   <div class='ocr_carea' id='block_1_5' title="bbox 170 1431 1260 1632">
    <p class='ocr_par' dir='ltr' id='par_1_5' title="bbox 170 1431 1260 1632">
     <span class='ocr_line' id='line_1_9' title="bbox 170 1431 1260 1520; baseline -0.002 -20"><span class='ocrx_word' id='word_1_64' title='bbox 170 1438 289 1514; x_wconf 87' lang='lat' dir='ltr'>velint,</span> <span class='ocrx_word' id='word_1_65' title='bbox 303 1437 373 1498; x_wconf 90' lang='lat' dir='ltr'>sine</span> <span class='ocrx_word' id='word_1_66' title='bbox 388 1435 582 1519; x_wconf 88' lang='lat' dir='ltr'>cujusquam</span> <span class='ocrx_word' id='word_1_67' title='bbox 595 1431 811 1495; x_wconf 84' lang='lat' dir='ltr'>similitudine</span> <span class='ocrx_word' id='word_1_68' title='bbox 823 1451 1080 1517; x_wconf 87' lang='lat' dir='ltr'>consequantur;</span> <span class='ocrx_word' id='word_1_69' title='bbox 1095 1436 1184 1520; x_wconf 86' lang='lat' dir='ltr'>quod</span> <span class='ocrx_word' id='word_1_70' title='bbox 1258 1452 1260 1463; x_wconf 77' lang='grc'>’</span> 
     </span>
     <span class='ocr_line' id='line_1_10' title="bbox 170 1548 1182 1632; baseline -0.001 -17"><span class='ocrx_word' id='word_1_71' title='bbox 170 1566 207 1616; x_wconf 91' lang='lat' dir='ltr'>et</span> <span class='ocrx_word' id='word_1_72' title='bbox 231 1552 265 1613; x_wconf 94' lang='lat' dir='ltr'>in</span> <span class='ocrx_word' id='word_1_73' title='bbox 279 1551 372 1614; x_wconf 92' lang='lat' dir='ltr'>vobis</span> <span class='ocrx_word' id='word_1_74' title='bbox 385 1548 603 1613; x_wconf 86' lang='lat' dir='ltr'>animadverti</span> <span class='ocrx_word' id='word_1_75' title='bbox 626 1562 715 1611; x_wconf 88' lang='lat' dir='ltr'>recte</span> <span class='ocrx_word' id='word_1_76' title='bbox 739 1563 856 1632; x_wconf 88' lang='lat' dir='ltr'>potest,</span> <span class='ocrx_word' id='word_1_77' title='bbox 883 1551 991 1615; x_wconf 85' lang='lat' dir='ltr'>Caesar</span> <span class='ocrx_word' id='word_1_78' title='bbox 1014 1567 1049 1615; x_wconf 89' lang='lat' dir='ltr'>et</span> <span class='ocrx_word' id='word_1_79' title='bbox 1073 1553 1182 1632; x_wconf 83' lang='lat' dir='ltr'>Cotta,</span> 
     </span>
    </p>
   </div>
   <div class='ocr_carea' id='block_1_6' title="bbox 167 1665 1233 2624">
    <p class='ocr_par' dir='ltr' id='par_1_6' title="bbox 167 1665 1233 2624">
     <span class='ocr_line' id='line_1_11' title="bbox 167 1665 1184 1762; baseline 0.004 -26"><span class='ocrx_word' id='word_1_80' title='bbox 167 1665 310 1760; x_wconf 84' lang='lat' dir='ltr'>quoium</span> <span class='ocrx_word' id='word_1_81' title='bbox 322 1675 404 1737; x_wconf 86' lang='lat' dir='ltr'>alter</span> <span class='ocrx_word' id='word_1_82' title='bbox 417 1674 610 1735; x_wconf 87' lang='lat' dir='ltr'>inusitatum</span> <span class='ocrx_word' id='word_1_83' title='bbox 622 1671 741 1732; x_wconf 89' lang='lat' dir='ltr'>nostris</span> <span class='ocrx_word' id='word_1_84' title='bbox 754 1672 889 1753; x_wconf 81' lang='lat' dir='ltr'>quidem</span> <span class='ocrx_word' id='word_1_85' title='bbox 899 1672 1082 1739; x_wconf 72' lang='lat' dir='ltr'>oratoribus</span> <span class='ocrx_word' id='word_1_86' title='bbox 1093 1679 1184 1762; x_wconf 88' lang='lat' dir='ltr'>lepo-</span> 
     </span>
     <span class='ocr_line' id='line_1_12' title="bbox 168 1780 1184 1882; baseline 0.003 -20"><span class='ocrx_word' id='word_1_87' title='bbox 168 1821 240 1863; x_wconf 86' lang='lat' dir='ltr'>rem</span> <span class='ocrx_word' id='word_1_88' title='bbox 252 1801 416 1882; x_wconf 81' lang='lat' dir='ltr'>quendam</span> <span class='ocrx_word' id='word_1_89' title='bbox 428 1812 461 1862; x_wconf 92' lang='lat' dir='ltr'>et</span> <span class='ocrx_word' id='word_1_90' title='bbox 469 1799 577 1861; x_wconf 42' lang='lat' dir='ltr'>‘salem</span> <span class='ocrx_word' id='word_1_91' title='bbox 589 1794 599 1871; x_wconf 82' lang='lat'>&#39;3</span> <span class='ocrx_word' id='word_1_92' title='bbox 624 1780 944 1862; x_wconf 76' lang='lat' dir='ltr'>alteraeutissimum</span> <span class='ocrx_word' id='word_1_93' title='bbox 960 1816 1001 1862; x_wconf 81' lang='lat' dir='ltr'>et</span> <span class='ocrx_word' id='word_1_94' title='bbox 1012 1804 1184 1865; x_wconf 89' lang='lat' dir='ltr'>subtilissi-</span> 
     </span>
     <span class='ocr_line' id='line_1_13' title="bbox 168 1902 1184 2004; baseline 0.002 -22"><span class='ocrx_word' id='word_1_95' title='bbox 168 1940 262 1982; x_wconf 90' lang='lat' dir='ltr'>mum</span> <span class='ocrx_word' id='word_1_96' title='bbox 277 1921 408 1985; x_wconf 89' lang='lat' dir='ltr'>dicendi</span> <span class='ocrx_word' id='word_1_97' title='bbox 420 1941 523 2004; x_wconf 84' lang='lat' dir='ltr'>genus</span> <span class='ocrx_word' id='word_1_98' title='bbox 534 1930 584 1984; x_wconf 88' lang='lat' dir='ltr'>est</span> <span class='ocrx_word' id='word_1_99' title='bbox 597 1902 811 1982; x_wconf 53' lang='lat' dir='ltr'>consecutuss</span> <span class='ocrx_word' id='word_1_100' title='bbox 849 1921 970 2003; x_wconf 85' lang='lat' dir='ltr'><strong>Neque</strong></span> <span class='ocrx_word' id='word_1_101' title='bbox 985 1943 1063 1986; x_wconf 87' lang='lat' dir='ltr'>vero</span> <span class='ocrx_word' id='word_1_102' title='bbox 1076 1937 1184 1988; x_wconf 81' lang='lat' dir='ltr'>vester</span> 
     </span>
     <span class='ocr_line' id='line_1_14' title="bbox 170 2041 1184 2126; baseline 0.002 -19"><span class='ocrx_word' id='word_1_103' title='bbox 170 2044 308 2126; x_wconf 73' lang='lat' dir='ltr'>aequalis</span> <span class='ocrx_word' id='word_1_104' title='bbox 329 2043 443 2120; x_wconf 89' lang='lat' dir='ltr'>Curio,</span> <span class='ocrx_word' id='word_1_105' title='bbox 466 2058 557 2126; x_wconf 90' lang='lat' dir='ltr'>patre</span> <span class='ocrx_word' id='word_1_106' title='bbox 578 2063 654 2105; x_wconf 90' lang='lat' dir='ltr'>mea</span> <span class='ocrx_word' id='word_1_107' title='bbox 676 2041 838 2105; x_wconf 86' lang='lat' dir='ltr'>sententia</span> <span class='ocrx_word' id='word_1_108' title='bbox 850 2043 902 2106; x_wconf 89' lang='lat' dir='ltr'>vel</span> <span class='ocrx_word' id='word_1_109' title='bbox 916 2045 1184 2126; x_wconf 88' lang='lat' dir='ltr'>eloquentissimo</span> 
     </span>
     <span class='ocr_line' id='line_1_15' title="bbox 170 2146 1186 2251; baseline 0.005 -22"><span class='ocrx_word' id='word_1_110' title='bbox 170 2167 375 2248; x_wconf 85' lang='lat' dir='ltr'>temporibus</span> <span class='ocrx_word' id='word_1_111' title='bbox 399 2166 476 2247; x_wconf 89' lang='lat' dir='ltr'>illis,</span> <span class='ocrx_word' id='word_1_112' title='bbox 501 2146 697 2249; x_wconf 81' lang='lat' dir='ltr'>quemquam</span> <span class='ocrx_word' id='word_1_113' title='bbox 721 2164 804 2228; x_wconf 83' lang='lat' dir='ltr'>milri</span> <span class='ocrx_word' id='word_1_114' title='bbox 830 2187 1025 2251; x_wconf 82' lang='lat' dir='ltr'>magnopere</span> <span class='ocrx_word' id='word_1_115' title='bbox 1052 2168 1186 2234; x_wconf 86' lang='lat' dir='ltr'>videtur</span> 
     </span>
     <span class='ocr_line' id='line_1_16' title="bbox 174 2264 1233 2378; baseline 0.006 -27"><span class='ocrx_word' id='word_1_116' title='bbox 174 2289 325 2363; x_wconf 86' lang='lat' dir='ltr'>imitari;</span> <span class='ocrx_word' id='word_1_117' title='bbox 349 2289 403 2372; x_wconf 93' lang='lat' dir='ltr'>qui</span> <span class='ocrx_word' id='word_1_118' title='bbox 417 2274 524 2354; x_wconf 76' lang='lat' dir='ltr'>tamen</span> <span class='ocrx_word' id='word_1_119' title='bbox 537 2291 711 2354; x_wconf 85' lang='lat' dir='ltr'>verborum</span> <span class='ocrx_word' id='word_1_120' title='bbox 737 2296 895 2376; x_wconf 83' lang='lat' dir='ltr'>gravitate</span> <span class='ocrx_word' id='word_1_121' title='bbox 922 2307 956 2357; x_wconf 89' lang='lat' dir='ltr'>et</span> <span class='ocrx_word' id='word_1_122' title='bbox 977 2293 1137 2378; x_wconf 83' lang='lat' dir='ltr'>elegantia</span> <span class='ocrx_word' id='word_1_123' title='bbox 1148 2309 1185 2357; x_wconf 86' lang='lat' dir='ltr'>et</span> <span class='ocrx_word' id='word_1_124' title='bbox 1231 2264 1233 2271; x_wconf 21' lang='lat' dir='ltr'>i</span> 
     </span>
     <span class='ocr_line' id='line_1_17' title="bbox 172 2401 1185 2502; baseline 0.009 -29"><span class='ocrx_word' id='word_1_125' title='bbox 172 2411 270 2496; x_wconf 83' lang='lat' dir='ltr'>copia</span> <span class='ocrx_word' id='word_1_126' title='bbox 282 2401 374 2473; x_wconf 79' lang='lat' dir='ltr'>suam</span> <span class='ocrx_word' id='word_1_127' title='bbox 387 2414 548 2497; x_wconf 87' lang='lat' dir='ltr'>quandam</span> <span class='ocrx_word' id='word_1_128' title='bbox 563 2414 726 2498; x_wconf 83' lang='lat' dir='ltr'>expressit</span> <span class='ocrx_word' id='word_1_129' title='bbox 749 2417 841 2498; x_wconf 88' lang='lat' dir='ltr'>quasi</span> <span class='ocrx_word' id='word_1_130' title='bbox 865 2415 1007 2479; x_wconf 85' lang='lat' dir='ltr'>formam</span> <span class='ocrx_word' id='word_1_131' title='bbox 1031 2417 1185 2502; x_wconf 81' lang='lat' dir='ltr'>figuram·</span> 
     </span>
     <span class='ocr_line' id='line_1_18' title="bbox 170 2534 1193 2624; baseline 0.01 -27"><span class='ocrx_word' id='word_1_132' title='bbox 170 2556 234 2617; x_wconf 89' lang='lat' dir='ltr'>que</span> <span class='ocrx_word' id='word_1_133' title='bbox 256 2535 408 2600; x_wconf 89' lang='lat' dir='ltr'>dicendi:</span> <span class='ocrx_word' id='word_1_134' title='bbox 434 2539 525 2619; x_wconf 89' lang='lat' dir='ltr'>quod</span> <span class='ocrx_word' id='word_1_135' title='bbox 549 2535 614 2618; x_wconf 79' lang='lat' dir='ltr'>ego</span> <span class='ocrx_word' id='word_1_136' title='bbox 635 2538 779 2599; x_wconf 87' lang='lat' dir='ltr'>maxime</span> <span class='ocrx_word' id='word_1_137' title='bbox 802 2540 893 2621; x_wconf 89' lang='lat' dir='ltr'>potui</span> <span class='ocrx_word' id='word_1_138' title='bbox 912 2534 1068 2624; x_wconf 86' lang='lat' dir='ltr'>judicare&#39;</span> <span class='ocrx_word' id='word_1_139' title='bbox 1087 2541 1122 2604; x_wconf 92' lang='lat' dir='ltr'>in</span> <span class='ocrx_word' id='word_1_140' title='bbox 1144 2565 1193 2607; x_wconf 80' lang='lat' dir='ltr'>ea</span> 
     </span>
    </p>
   </div>
   <div class='ocr_carea' id='block_1_7' title="bbox 168 2649 1183 2747">
    <p class='ocr_par' dir='ltr' id='par_1_7' title="bbox 168 2649 1183 2747">
     <span class='ocr_line' id='line_1_19' title="bbox 168 2649 1183 2747; baseline 0.001 -19"><span class='ocrx_word' id='word_1_141' title='bbox 168 2687 295 2741; x_wconf 82' lang='lat' dir='ltr'>caussa,</span> <span class='ocrx_word' id='word_1_142' title='bbox 309 2685 408 2745; x_wconf 90' lang='lat' dir='ltr'>quam</span> <span class='ocrx_word' id='word_1_143' title='bbox 421 2661 477 2722; x_wconf 85' lang='lat' dir='ltr'>ille</span> <span class='ocrx_word' id='word_1_144' title='bbox 492 2675 605 2723; x_wconf 88' lang='lat' dir='ltr'>contra</span> <span class='ocrx_word' id='word_1_145' title='bbox 617 2683 669 2723; x_wconf 90' lang='lat' dir='ltr'>me</span> <span class='ocrx_word' id='word_1_146' title='bbox 683 2649 768 2743; x_wconf 87' lang='lat' dir='ltr'>apud</span> <span class='ocrx_word' id='word_1_147' title='bbox 777 2663 993 2726; x_wconf 89' lang='lat' dir='ltr'>centumviros</span> <span class='ocrx_word' id='word_1_148' title='bbox 1003 2657 1065 2747; x_wconf 63' lang='lat' dir='ltr'>&#39;pro</span> <span class='ocrx_word' id='word_1_149' title='bbox 1075 2665 1183 2729; x_wconf 85' lang='lat' dir='ltr'>fratri·</span> 
     </span>
    </p>
   </div>
   <div class='ocr_carea' id='block_1_8' title="bbox 173 2891 1073 2990">
    <p class='ocr_par' dir='ltr' id='par_1_8' title="bbox 173 2891 1073 2990">
     <span class='ocr_line' id='line_1_20' title="bbox 173 2891 1073 2990; baseline 0.002 -22"><span class='ocrx_word' id='word_1_150' title='bbox 173 2905 342 2989; x_wconf 83' lang='lat' dir='ltr'>copiosus,</span> <span class='ocrx_word' id='word_1_151' title='bbox 355 2902 523 2967; x_wconf 86' lang='lat' dir='ltr'>sedetiam</span> <span class='ocrx_word' id='word_1_152' title='bbox 537 2905 664 2990; x_wconf 89' lang='lat' dir='ltr'>sapiens</span> <span class='ocrx_word' id='word_1_153' title='bbox 679 2891 788 2972; x_wconf 82' lang='lat' dir='ltr'>oiator</span> <span class='ocrx_word' id='word_1_154' title='bbox 799 2908 916 2972; x_wconf 89' lang='lat' dir='ltr'>habere</span> <span class='ocrx_word' id='word_1_155' title='bbox 929 2906 1073 2972; x_wconf 86' lang='lat' dir='ltr'>deberet.</span> 
     </span>
    </p>
   </div>
   <div class='ocr_carea' id='block_1_9' title="bbox 1140 2999 1308 3026">
    <p class='ocr_par' dir='ltr' id='par_1_9' title="bbox 1140 2999 1308 3026">
     <span class='ocr_line' id='line_1_21' title="bbox 1140 2999 1308 3026; baseline -0.012 -6"><span class='ocrx_word' id='word_1_156' title='bbox 1140 3011 1171 3026; x_wconf 63' lang='grc' dir='ltr'><em>υ</em></span> <span class='ocrx_word' id='word_1_157' title='bbox 1175 3001 1245 3020; x_wconf 58' lang='lat' dir='ltr'>lfflfflss</span> <span class='ocrx_word' id='word_1_158' title='bbox 1256 3007 1271 3019; x_wconf 75' lang='lat' dir='ltr'>u·</span> <span class='ocrx_word' id='word_1_159' title='bbox 1279 2999 1308 3018; x_wconf 67' lang='lat' dir='ltr'>»ml</span> 
     </span>
    </p>
   </div>
   <div class='ocr_carea' id='block_1_10' title="bbox 163 3131 1359 3268">
    <p class='ocr_par' dir='ltr' id='par_1_10' title="bbox 163 3131 1359 3268">
     <span class='ocr_line' id='line_1_22' title="bbox 163 3131 1359 3268; baseline 0.008 -56"><span class='ocrx_word' id='word_1_160' title='bbox 163 3131 165 3142; x_wconf 21' lang='grc' dir='ltr'><em>Α</em></span> <span class='ocrx_word' id='word_1_161' title='bbox 216 3154 383 3230; x_wconf 73' lang='lat' dir='ltr'>txxlv.</span> <span class='ocrx_word' id='word_1_162' title='bbox 431 3164 575 3250; x_wconf 81' lang='lat' dir='ltr'>Verum,</span> <span class='ocrx_word' id='word_1_163' title='bbox 590 3163 817 3245; x_wconf 87' lang='lat' dir='ltr'>utaliquando</span> <span class='ocrx_word' id='word_1_164' title='bbox 835 3161 877 3224; x_wconf 91' lang='lat' dir='ltr'>ad</span> <span class='ocrx_word' id='word_1_165' title='bbox 896 3176 1025 3220; x_wconf 86' lang='lat' dir='ltr'>caussas</span> <span class='ocrx_word' id='word_1_166' title='bbox 1044 3155 1181 3217; x_wconf 84' lang='lat' dir='ltr'>deduca·</span> <span class='ocrx_word' id='word_1_167' title='bbox 1263 3154 1266 3157; x_wconf 73' lang='grc'><strong><em>’</em></strong></span> <span class='ocrx_word' id='word_1_168' title='bbox 1357 3257 1359 3268; x_wconf 27' lang='lat'><strong>⁴</strong></span> 
     </span>
    </p>
   </div>
   <div class='ocr_carea' id='block_1_11' title="bbox 172 3267 1182 3364">
    <p class='ocr_par' dir='ltr' id='par_1_11' title="bbox 172 3267 1182 3364">
     <span class='ocr_line' id='line_1_23' title="bbox 172 3267 1182 3364; baseline 0.001 -28"><span class='ocrx_word' id='word_1_169' title='bbox 172 3295 247 3337; x_wconf 90' lang='lat' dir='ltr'>mus</span> <span class='ocrx_word' id='word_1_170' title='bbox 261 3267 365 3356; x_wconf 87' lang='lat' dir='ltr'>illum,</span> <span class='ocrx_word' id='word_1_171' title='bbox 379 3302 477 3361; x_wconf 87' lang='lat' dir='ltr'>quern</span> <span class='ocrx_word' id='word_1_172' title='bbox 491 3282 732 3362; x_wconf 85' lang='lat' dir='ltr'>constituimus,</span> <span class='ocrx_word' id='word_1_173' title='bbox 746 3298 778 3348; x_wconf 89' lang='lat' dir='ltr'>et</span> <span class='ocrx_word' id='word_1_174' title='bbox 790 3305 844 3346; x_wconf 90' lang='lat' dir='ltr'>eas</span> <span class='ocrx_word' id='word_1_175' title='bbox 859 3280 1003 3364; x_wconf 89' lang='lat' dir='ltr'>quidem,</span> <span class='ocrx_word' id='word_1_176' title='bbox 1018 3276 1182 3360; x_wconf 84' lang='lat' dir='ltr'>inquibus</span> 
     </span>
    </p>
   </div>
   <div class='ocr_carea' id='block_1_12' title="bbox 171 3395 1280 4225">
    <p class='ocr_par' dir='ltr' id='par_1_12' title="bbox 171 3395 1280 4225">
     <span class='ocr_line' id='line_1_24' title="bbox 171 3395 1218 3489; baseline 0.005 -35"><span class='ocrx_word' id='word_1_177' title='bbox 171 3395 357 3479; x_wconf 86' lang='lat' dir='ltr'>plusculum</span> <span class='ocrx_word' id='word_1_178' title='bbox 370 3400 497 3480; x_wconf 82' lang='lat' dir='ltr'>negotii</span> <span class='ocrx_word' id='word_1_179' title='bbox 511 3413 572 3477; x_wconf 88' lang='lat' dir='ltr'>cst,</span> <span class='ocrx_word' id='word_1_180' title='bbox 592 3400 795 3483; x_wconf 87' lang='lat' dir='ltr'>judiciorum</span> <span class='ocrx_word' id='word_1_181' title='bbox 818 3419 912 3487; x_wconf 88' lang='lat' dir='ltr'>atque</span> <span class='ocrx_word' id='word_1_182' title='bbox 924 3400 1034 3463; x_wconf 88' lang='lat' dir='ltr'>litium</span> <span class='ocrx_word' id='word_1_183' title='bbox 1057 3396 1183 3489; x_wconf 82' lang='lat' dir='ltr'>(riserit</span> <span class='ocrx_word' id='word_1_184' title='bbox 1215 3433 1218 3441; x_wconf 92' lang='lat'>·</span> 
     </span>
     <span class='ocr_line' id='line_1_25' title="bbox 172 3498 1198 3610; baseline 0.001 -30"><span class='ocrx_word' id='word_1_185' title='bbox 172 3517 294 3602; x_wconf 88' lang='lat' dir='ltr'>aliquis</span> <span class='ocrx_word' id='word_1_186' title='bbox 327 3521 465 3586; x_wconf 85' lang='lat' dir='ltr'>fortasse</span> <span class='ocrx_word' id='word_1_187' title='bbox 500 3525 561 3588; x_wconf 91' lang='lat' dir='ltr'>boc</span> <span class='ocrx_word' id='word_1_188' title='bbox 585 3541 807 3610; x_wconf 67' lang='lat' dir='ltr'>praeceptum</span> <span class='ocrx_word' id='word_1_189' title='bbox 834 3543 883 3593; x_wconf 90' lang='lat' dir='ltr'>est</span> <span class='ocrx_word' id='word_1_190' title='bbox 910 3527 998 3590; x_wconf 89' lang='lat' dir='ltr'>enim</span> <span class='ocrx_word' id='word_1_191' title='bbox 1022 3544 1088 3584; x_wconf 90' lang='lat' dir='ltr'>non</span> <span class='ocrx_word' id='word_1_192' title='bbox 1112 3498 1198 3582; x_wconf 24' lang='lat' dir='ltr'>tam·</span> 
     </span>
     <span class='ocr_line' id='line_1_26' title="bbox 172 3645 1181 3740; baseline 0.008 -33"><span class='ocrx_word' id='word_1_193' title='bbox 172 3660 316 3726; x_wconf 89' lang='lat' dir='ltr'>acutum,</span> <span class='ocrx_word' id='word_1_194' title='bbox 343 3655 441 3732; x_wconf 84' lang='lat' dir='ltr'>quam</span> <span class='ocrx_word' id='word_1_195' title='bbox 463 3655 696 3735; x_wconf 87' lang='lat' dir='ltr'>necessarium,</span> <span class='ocrx_word' id='word_1_196' title='bbox 723 3645 891 3740; x_wconf 85' lang='lat' dir='ltr'>magisque</span> <span class='ocrx_word' id='word_1_197' title='bbox 914 3652 1085 3717; x_wconf 89' lang='lat' dir='ltr'>monitoris</span> <span class='ocrx_word' id='word_1_198' title='bbox 1115 3670 1181 3715; x_wconf 84' lang='lat' dir='ltr'>nou</span> 
     </span>
     <span class='ocr_line' id='line_1_27' title="bbox 172 3762 1181 3859; baseline 0.009 -33"><span class='ocrx_word' id='word_1_199' title='bbox 172 3762 267 3843; x_wconf 79' lang='lat' dir='ltr'>latui,</span> <span class='ocrx_word' id='word_1_200' title='bbox 281 3787 379 3848; x_wconf 90' lang='lat' dir='ltr'>quam</span> <span class='ocrx_word' id='word_1_201' title='bbox 393 3771 514 3836; x_wconf 87' lang='lat' dir='ltr'>eruditi</span> <span class='ocrx_word' id='word_1_202' title='bbox 530 3773 708 3859; x_wconf 87' lang='lat' dir='ltr'>magistri,)</span> <span class='ocrx_word' id='word_1_203' title='bbox 732 3773 794 3838; x_wconf 91' lang='lat' dir='ltr'>hoc</span> <span class='ocrx_word' id='word_1_204' title='bbox 818 3775 848 3838; x_wconf 90' lang='lat' dir='ltr'>ei</span> <span class='ocrx_word' id='word_1_205' title='bbox 861 3774 1004 3858; x_wconf 90' lang='lat' dir='ltr'>primum</span> <span class='ocrx_word' id='word_1_206' title='bbox 1017 3770 1181 3857; x_wconf 76' lang='lat' dir='ltr'>praecipie-</span> 
     </span>
     <span class='ocr_line' id='line_1_28' title="bbox 173 3886 1182 3981; baseline 0.008 -34"><span class='ocrx_word' id='word_1_207' title='bbox 173 3905 259 3963; x_wconf 87' lang='lat' dir='ltr'>mus,</span> <span class='ocrx_word' id='word_1_208' title='bbox 272 3886 504 3975; x_wconf 79' lang='lat' dir='ltr'>Quascumque</span> <span class='ocrx_word' id='word_1_209' title='bbox 516 3900 658 3959; x_wconf 86' lang='lat' dir='ltr'>caussas</span> <span class='ocrx_word' id='word_1_210' title='bbox 670 3896 733 3959; x_wconf 89' lang='lat' dir='ltr'>erit</span> <span class='ocrx_word' id='word_1_211' title='bbox 744 3911 885 3977; x_wconf 86' lang='lat' dir='ltr'>acturus,</span> <span class='ocrx_word' id='word_1_212' title='bbox 898 3913 934 3959; x_wconf 90' lang='lat' dir='ltr'>ut</span> <span class='ocrx_word' id='word_1_213' title='bbox 944 3919 998 3962; x_wconf 87' lang='lat' dir='ltr'>eas</span> <span class='ocrx_word' id='word_1_214' title='bbox 1006 3894 1182 3981; x_wconf 85' lang='lat' dir='ltr'>diligenter</span> 
     </span>
     <span class='ocr_line' id='line_1_29' title="bbox 174 4002 1280 4098; baseline 0.009 -34"><span class='ocrx_word' id='word_1_215' title='bbox 174 4002 367 4087; x_wconf 88' lang='lat' dir='ltr'>penitusque</span> <span class='ocrx_word' id='word_1_216' title='bbox 393 4027 575 4094; x_wconf 81' lang='lat' dir='ltr'>cognoscat.</span> <span class='ocrx_word' id='word_1_217' title='bbox 630 4014 707 4076; x_wconf 47' lang='lat' dir='ltr'>Hoc*</span> <span class='ocrx_word' id='word_1_218' title='bbox 728 4013 762 4076; x_wconf 90' lang='lat' dir='ltr'>in</span> <span class='ocrx_word' id='word_1_219' title='bbox 784 4013 863 4078; x_wconf 90' lang='lat' dir='ltr'>ludo</span> <span class='ocrx_word' id='word_1_220' title='bbox 886 4035 950 4075; x_wconf 91' lang='lat' dir='ltr'>non</span> <span class='ocrx_word' id='word_1_221' title='bbox 973 4014 1179 4098; x_wconf 61' lang='lat' dir='ltr'>praecipitum</span> <span class='ocrx_word' id='word_1_222' title='bbox 1276 4006 1280 4011; x_wconf 69' lang='grc'>’</span> 
     </span>
     <span class='ocr_line' id='line_1_30' title="bbox 176 4124 1181 4225; baseline 0.015 -38"><span class='ocrx_word' id='word_1_223' title='bbox 176 4124 289 4194; x_wconf 87' lang='lat' dir='ltr'>faciles</span> <span class='ocrx_word' id='word_1_224' title='bbox 309 4132 399 4220; x_wconf 78' lang='lat' dir='ltr'>enim</span> <span class='ocrx_word' id='word_1_225' title='bbox 414 4139 529 4216; x_wconf 81' lang='lat' dir='ltr'>caussae</span> <span class='ocrx_word' id='word_1_226' title='bbox 552 4141 594 4203; x_wconf 91' lang='lat' dir='ltr'>ad</span> <span class='ocrx_word' id='word_1_227' title='bbox 613 4163 730 4225; x_wconf 88' lang='lat' dir='ltr'>pueros</span> <span class='ocrx_word' id='word_1_228' title='bbox 751 4142 951 4207; x_wconf 87' lang='lat' dir='ltr'>deferuntur.</span> <span class='ocrx_word' id='word_1_229' title='bbox 996 4133 1069 4208; x_wconf 84' lang='lat' dir='ltr'>Lex</span> <span class='ocrx_word' id='word_1_230' title='bbox 1089 4158 1181 4223; x_wconf 87' lang='lat' dir='ltr'>pere·</span> 
     </span>
    </p>
   </div>
   <div class='ocr_carea' id='block_1_13' title="bbox 177 4247 1205 4464">
    <p class='ocr_par' dir='ltr' id='par_1_13' title="bbox 177 4247 1205 4464">
     <span class='ocr_line' id='line_1_31' title="bbox 177 4247 1205 4356; baseline -0.014 -23"><span class='ocrx_word' id='word_1_231' title='bbox 177 4247 309 4341; x_wconf 58' lang='lat' dir='ltr'>&amp;linum</span> <span class='ocrx_word' id='word_1_232' title='bbox 321 4255 454 4328; x_wconf 62' lang='lat' dir='ltr'>velatio</span> <span class='ocrx_word' id='word_1_233' title='bbox 468 4280 599 4325; x_wconf 89' lang='lat' dir='ltr'>murum</span> <span class='ocrx_word' id='word_1_234' title='bbox 610 4263 831 4328; x_wconf 85' lang='lat' dir='ltr'>adscendere:</span> <span class='ocrx_word' id='word_1_235' title='bbox 856 4263 1043 4356; x_wconf 78' lang='lat' dir='ltr'>adscendit:</span> <span class='ocrx_word' id='word_1_236' title='bbox 1066 4260 1180 4321; x_wconf 82' lang='lat' dir='ltr'>hostes</span> <span class='ocrx_word' id='word_1_237' title='bbox 1202 4249 1205 4256; x_wconf 52' lang='lat'><strong>⁴</strong></span> 
     </span>
     <span class='ocr_line' id='line_1_32' title="bbox 1009 4375 1178 4464; baseline -0.024 -19"><span class='ocrx_word' id='word_1_238' title='bbox 1009 4435 1012 4445; x_wconf 92' lang='lat'><em>.</em></span> <span class='ocrx_word' id='word_1_239' title='bbox 1037 4375 1178 4464; x_wconf 82' lang='lat' dir='ltr'>repulit:</span> 
     </span>
    </p>
   </div>
   <div class='ocr_carea' id='block_1_14' title="bbox 0 0 1377 4950">
    <p class='ocr_par' dir='ltr' id='par_1_14' title="bbox 0 0 1377 4950">
     <span class='ocr_line' id='line_1_33' title="bbox 0 0 1377 4950; baseline 0 0"><span class='ocrx_word' id='word_1_240' title='bbox 0 0 1377 4950; x_wconf 95' lang='lat' dir='ltr'> </span> 
     </span>
    </p>
   </div>
  </div>
 </body>
</html>
