2742 4950
516 308 718 379 Lrnnn
763 308 826 374 11:
857 318 908 373 11.
1138 324 1198 383 125

239 471 253 566 ‘h
275 472 338 550 Xl.
382 482 445 563 Ita,
458 482 565 566 inquit
580 470 746 543 Antonius
759 505 767 554 ;
782 494 815 541 et
825 479 859 541 in
871 499 912 543 eo
925 479 1060 563 quidem
1074 500 1196 564 genere

181 614 264 678 scio
276 624 308 676 et
320 633 383 691 me,
396 626 429 677 et
442 618 567 689 ornnes,
579 606 634 690 qui
646 604 816 678 affuerunt,
830 605 1004 670 delectatos
1018 627 1090 670 esse
1102 606 1199 670 vehe-

182 730 327 814 menter,
341 746 416 798 bum
429 734 485 797 abs
498 748 532 797 te
554 745 606 795 est
627 728 794 814 popius*
817 741 921 791 mater
932 743 1051 809 vestra,
1069 730 1201 794 laudata

181 860 242 923 c'ui
255 861 400 944 primurn
425 859 559 923 mulieri
582 846 667 921 hunc
690 856 850 918 honorem
877 854 911 915 in
935 869 1045 918 nostra
1068 855 1199 922 civitate

180 985 351 1071 tributum
363 988 441 1069 puto
457 1008 466 1045 t
490 984 627 1047 sednon
640 982 763 1059 omnia,
790 1000 1005 1063 quaeeumque
1024 980 1201 1087 loquimur,

179 1108 274 1171 mihi
285 1108 441 1171 videntur
454 1110 496 1172 ad
509 1120 614 1170 artem
629 1115 663 1166 et
676 1105 719 1166 ad
731 1116 893 1186 praecepta
914 1124 984 1173 esse
1007 1106 1200 1168 revocanda.

181 1200 246 1292 hx
258 1232 312 1293 his
322 1232 413 1292 enim
426 1224 680 1304 fontibus,unde
691 1223 800 1285 omnia
823 1234 934 1289 ornate
959 1224 1091 1290 dicendi
1118 1249 1202 1312 prae·

181 1337 288 1428 cepta
299 1346 481 1425 sumuntur,
495 1330 604 1410 licebit
616 1344 715 1409 etiam
727 1343 946 1410 laudationem
960 1366 1087 1428 ornare,
1097 1366 1205 1430 neque

182 1466 250 1530 illa
258 1467 419 1532 elementa
430 1469 631 1545 desiderare,
645 1485 716 1549 quae
730 1479 766 1528 ut
775 1484 872 1530 nemo
893 1446 1012 1550 tradat,
1039 1473 1111 1555 quis
1137 1484 1202 1551 est,

152 1658 156 1666 s
180 1589 245 1671 qui
260 1592 399 1664 nesciat,
414 1602 484 1673 quae
500 1591 565 1653 sint
577 1589 609 1649 in
618 1587 751 1651 homine
761 1586 924 1650 laudanda
937 1590 949 1651 ἓ
971 1590 1086 1674 positis
1111 1594 1201 1657 enirn

179 1710 228 1774 ils
239 1711 349 1790 rehus,
364 1731 443 1794 quas
460 1711 598 1773 Crassus
610 1709 644 1770 in
658 1707 745 1769 illins
757 1709 913 1771 orationis
923 1733 1002 1792 suae,
1014 1735 1113 1796 quam
1127 1736 1202 1778 con·

185 1845 244 1895 tra
258 1826 414 1916 collegam
423 1852 539 1895 censor
548 1829 675 1909 habuit,
696 1830 856 1914 principio
880 1832 977 1911 dixit,
997 1857 1064 1922 quo
1083 1847 1204 1900 nutura

183 1951 388 2038 autsortuna
399 1952 553 2016 darentur
564 1948 753 2028 hominibus,
764 1952 852 2017 iniis
866 1950 958 2015 rebus
971 1972 1005 2013 se
1027 1953 1112 2017 vinci
1128 1967 1203 2041 por·

184 2088 224 2135 se
234 2070 337 2135 animo
348 2092 431 2158 aequo
441 2071 512 2156 pati
521 2096 534 2138 ,·
556 2093 623 2158 quo
635 2071 700 2157 ipsi
711 2069 921 2136 sibihomines
928 2086 1052 2157 parare
1058 2086 1202 2158 possent,
1243 2086 1245 2095 ·

188 2191 228 2252 in
239 2187 280 2252 iis
291 2191 383 2254 rebus
394 2212 428 2254 se
435 2191 506 2278 pati
519 2191 602 2255 vinci
618 2217 681 2258 non
699 2209 794 2281 posse
803 2219 817 2263 ;
840 2190 895 2273 qui
920 2189 1066 2254 laudabit
1090 2213 1202 2276 quem·

191 2313 295 2399 piam,
310 2311 461 2396 intelligit
474 2315 665 2397 exponenda
691 2315 753 2377 sibi
775 2336 846 2380 esse
870 2313 1008 2376 fortunae
1032 2286 1141 2390 boha5
1164 2336 1203 2378 ea

187 2445 266 2494 sunt
278 2436 578 2519 generis‚·pecuniae
589 2436 859 2520 propinquorum,
874 2433 1067 2513 amicorum,
1091 2454 1202 2517 opum,

187 2559 401 2640 valetudinis,
412 2562 535 2639 forme,
557 2560 691 2634 virium,
717 2561 851 2644 ingenii,
877 2577 1128 2644 eaeterarumque
1150 2581 1202 2626 re·

99 2693 104 2704 ⁴
158 2767 163 2772 ,
185 2687 276 2759 rum,
289 2704 361 2762 quae
377 2696 454 2742 sunt
466 2692 526 2742 aut
539 2680 696 2764 corporis,
711 2695 764 2744 aut
778 2696 936 2750 extraneae
954 2708 961 2746 ε
985 2685 1013 2747 si
1039 2684 1200 2766 habuerit,

188 2804 274 2866 bene
283 2800 336 2861 his
351 2821 447 2863 usum
462 2824 470 2862 ε
495 2801 523 2864 si
537 2802 768 2882 nonhabuerit‚
795 2806 956 2888 sapienter
980 2807 1151 2882 caruisset
1172 2808 1201 2871 si

192 2918 352 3001 amiserit,
366 2921 534 2988 moderate
547 2924 684 2990 tulisse:
724 2925 853 2992 Deinde
874 2927 956 3010 quid
977 2928 1148 3014 sapienter*
1159 2931 1201 3010 is,

190 3066 290 3126 quem
301 3046 424 3121 landet,
439 3049 519 3129 quid
528 3031 718 3128 liberaliter,
743 3051 823 3132 quid
844 3051 986 3129 fortiter,
1004 3051 1084 3132 quid
1097 3050 1202 3135 'justo

186 3167 272 3249 'quid
283 3167 552 3253 magnifice‚quid
560 3170 711 3253 pie,quid
721 3181 823 3252 grate,
832 3167 1116 3250 qnidhumanit'er,
1125 3169 1204 3250 quid

191 3281 333 3374 denique
348 3317 422 3356 cum
436 3295 544 3376 aliqua
555 3295 676 3358 virtute
691 3306 747 3356 aut
762 3291 879 3356 fecerit
889 3303 946 3355 out
956 3290 1077 3357 tulerit.
1112 3291 1202 3371 Haec,

187 3413 223 3475 ‘et
238 3432 305 3492 qus
319 3411 385 3472 sint
396 3413 466 3495 ejus
481 3413 729 3496 generis,=foeile
744 3413 882 3495 videbit,
893 3397 949 3499 qui
959 3414 1053 3478 'volet
1064 3414 1210 3483 laudare.

195 3531 410 3614 quempiam
435 3534 533 3617 etqui
560 3534 759 3621 vituperare
778 3537 949 3601 contraria.
1009 3534 1078 3597 Cnr
1101 3533 1202 3617 igitur

191 3651 333 3733 dubitas,
348 3653 453 3738 inquit
468 3656 617 3738 Catulus,
638 3660 748 3723 facere
762 3660 824 3723 hoc
838 3660 973 3726 tertium
986 3680 1100 3745 genus,
1122 3680 1202 3742 quo-

1111 3783 1201 3848 niam

222 3986 233 4014 ⁸
252 3989 345 4055 Popilia
364 4004 419 4039 was
427 4003 470 4038 not
481 3994 522 4042 the
539 3994 593 4043 first
613 3996 643 4047 of
658 4001 702 4048 the
721 3997 925 4058 Romaniano,
947 4001 1008 4051 who
1026 4015 1080 4051 was
1098 4001 1204 4065 publicly

189 4088 293 4152 praised.
329 4092 447 4141 Plutarch
466 4094 572 4146 informs
592 4114 629 4157 us,
650 4100 713 4157 that,
735 4099 819 4149 before
836 4101 940 4167 Popilia,
959 4102 1082 4152 Camillus
1099 4100 1173 4152 made
1189 4114 1205 4149 a

190 4186 286 4267 funeral
296 4193 389 4240 oration
397 4193 423 4241 in
431 4195 511 4259 praise
523 4196 552 4244 of
560 4199 603 4246 the
611 4199 715 4250 Roman
725 4210 846 4264 matrons,
858 4201 960 4258 because
970 4205 1027 4267 they
1039 4200 1089 4252 had
1099 4200 1204 4264 brought

117 4289 125 4304 ³
192 4289 257 4340 their
265 4301 408 4352 ornaments
417 4305 443 4345 to
454 4295 694 4370 perlonnavorrto
703 4298 803 4368 Apollo.
912 4285 915 4288 “
1146 4267 1178 4294 '⁴
