2742 4950
446 384 780 465 '‘L1sra'1‘1.
828 402 898 462 39(
1038 444 1043 459 .
1130 410 1190 468 163

168 574 240 638 -sed
259 558 353 651 eriile,
379 572 519 650 aridum,
543 568 712 633 concisum
726 588 763 631 ac
774 558 959 630 minutum:
984 570 1074 652 quod
1087 568 1190 654 siquis

75 674 96 695 ’Χ
166 686 334 784 probabit,
349 690 394 761 ita
407 694 568 782 probabit,
593 706 630 755 ut
641 691 764 758 oratori
778 705 889 757 tamen
903 705 1014 776 aptum
1034 717 1100 757 non
1116 718 1190 760 esse
1216 726 1222 737 ·
1241 778 1249 791 ἱ

82 822 85 831 ’
166 825 333 888 fateatur:
349 824 419 889 haec
428 823 517 886 enim
527 833 641 882 nostra
652 818 759 885 oratio
770 798 1051 883 multitudinis'est
1060 823 1192 887 auribus
1233 806 1263 903 ⁸,

173 938 469 1025 accommodanda,
480 945 522 1008 ad
533 941 744 1006 oblectandos
759 938 958 1017 animoaad
970 941 1193 1025 impellendos,
1247 1016 1252 1027 .

121 1122 125 1139 ,
165 1070 216 1155 :ad
230 1093 271 1137 ea
284 1073 465 1157 probanda,
486 1092 559 1153 quae
574 1088 641 1129 non
653 1044 801 1128 aurificis
820 1056 962 1142 statera,
975 1065 1036 1129 sed
1057 1058 1206 1147 quadani

156 1168 320 1276 ‘populari
334 1194 458 1256 trutina
469 1187 723 1254 examinantur..
738 1180 849 1258 Quare
862 1183 960 1247 istam
975 1198 1078 1250 artem
1091 1200 1203 1283 totam¹
1259 1272 1263 1281 ,

171 1311 394 1389 dimittamus,
420 1330 490 1392 quae
503 1307 537 1369 in
550 1303 776 1390 excogitandis
791 1305 992 1388 argumentis
1007 1320 1099 1371 muta
1110 1290 1194 1370 nimss

159 1428 244 1491 'ium
279 1443 340 1510 est,
366 1432 400 1492 in
423 1428 613 1515 judicandis
636 1426 780 1489 nimium
790 1426 935 1508 ,loquare
1008 1424 1191 1490 Critolaum

154 1622 158 1631 ³
174 1549 290 1630 istum,
314 1573 413 1635 quem
427 1534 528 1613 simui
540 1571 616 1613 cum
631 1546 784 1635 Diogene
798 1548 928 1610 venisse
943 1536 1193 1627 commemoras,

168 1681 249 1749 puto
276 1668 351 1751 plus
377 1666 455 1730 huic
480 1666 592 1728 sturfio
615 1679 728 1726 nostro
751 1666 909 1747 prodesse
932 1665 1100 1750 potuisse:
1124 1682 1195 1731 erat

160 1782 259 1849 ,enim
273 1782 314 1847 ab
329 1785 394 1848 isto
410 1782 610 1861 Aristotele,
629 1804 649 1844 a
662 1782 756 1868 eujus
768 1783 913 1846 inventis
926 1782 987 1846 'tibi
1002 1806 1066 1867 ego
1078 1786 1196 1867 uideor

75 1916 78 1926 ⁸
170 1906 238 1967 non
265 1906 364 1992 longe
392 1909 553 1971 aberrare.
585 1907 715 1999 xAtque
728 1907 828 1969 'inter
846 1905 948 1970 ”hunc
968 1884 1195 1968 ³Arist0telem

164 3734 230 3817 ⁴‘qui
242 3734 315 3797 haec
328 3733 464 3824 tradunt
476 3748 510 3798 et
523 3733 655 3814 docent,
675 3729 906 3818 postulandum
920 3728 973 3791 sit.

162 2020 286 2114 (cujus
301 2041 334 2088 et
345 2010 439 2089 illum
451 2027 518 2112 legi
527 2016 668 2105 Tibrim,
675 2026 708 2088 in
723 2047 789 2109 quo
801 2026 953 2110 e'xp'osuit
964 2027 1096 2107 dicendi
1108 2041 1194 2089 artes

165 2138 326 2208 omnium
334 2144 553 2230 superiorum,
566 2161 598 2212 et
608 2140 717 2226 illos,
709 2169 743 2247 ιιι
756 2146 897 2230 quibus'
890 2168 959 2234 ipse
974 2132 1033 2213 sira
1044 2148 1194 2232 q'uaedam

159 2264 216 2332 ‘de
230 2271 349 2334 eadem
361 2285 428 2337 arte
439 2272 551 2358 dixin)
567 2289 599 2336 et
611 2274 672 2341 bos
687 2295 861 2373 germanos
864 2270 931 2361 huj
936 2298 974 2337 us
986 2270 1075 2375 artis
1074 2274 1194 2379 magis·
1234 2300 1238 2307 ·

165 2407 289 2475 tros,
282 2394 344 2458 hoc
369 2394 451 2458 mihi
476 2397 586 2461 visum
610 2411 661 2460 est
685 2397 867 2480 interesse3
891 2397 982 2483 quod
1006 2365 1059 2458 ilie
1077 2395 1194 2463 eadem
1299 2398 1304 2405 '

162 2515 240 2581 acie
257 2511 388 2597 mentis,
401 2542 466 2601 qua
474 2541 586 2584 rerum
595 2538 745 2580 οιιιιιιιιιιι
753 2516 823 2580 vim
830 2533 1046 2601 naturamque
1054 2513 1193 2592 viderat

169 2639 242 2710 haec
256 2633 388 2726 quoque
412 2644 574 2727 adspexit,
596 2661 667 2726 quae
682 2643 725 2708 ad
739 2645 870 2713 dicendi
881 2660 1001 2725 artem,
1020 2659 1123 2729 'quam
1137 2640 1192 2704 ille

147 2761 389 2848 despiciebat,
418 2762 647 2869 pertinebant:
665 2764 727 2828 illi
754 2781 875 2846 autem,
908 2766 964 2884 qui
995 2766 1060 2829 hoo
1086 2737 1214 2828 seium*

173 2869 354 2953 colendum
372 2875 547 2972 ducebant,
564 2883 770 2962 habitarunt
773 2895 882 2966 inhac
896 2916 961 2959 una
973 2893 1097 2957 ratione
1110 2907 1194 2956 trac·

163 3009 283 3088 tanda,
296 3030 361 3072 non
372 3013 488 3077 eadem
490 3009 689 3099 prudentia,
703 3035 768 3095 qua
779 3013 846 3089 ille,
860 3011 921 3074 sed
934 3030 996 3069 usu
1008 3010 1042 3069 in
1053 3010 1117 3072 hoc
1128 3029 1193 3072 uno

171 3151 305 3218 genere,
327 3130 502 3214 studioque
518 3131 655 3214 majore.
701 3125 886 3189 Carneadis
898 3141 977 3185 vero
991 3122 1041 3184 vis
1055 3124 1195 3186 incredi-

167 3250 246 3314 bilis
257 3252 314 3315 illa
324 3251 461 3317 dicendi
476 3265 510 3314 et
521 3250 664 3313 varietas
673 3265 832 3330 perquam
842 3255 928 3306 esset
925 3239 1076 3326 optanda
1083 3244 1193 3320 n0b1s

163 3396 231 3458 .qu1
219 3372 369 3434 nullam
383 3391 541 3452 umquam
560 3370 673 3466 inillis
688 3369 756 3433 suis
770 3364 1045 3454 disputationibus
1055 3390 1128 3432 rem
1139 3373 1195 3435 de-

172 3482 294 3569 fendit,
320 3515 422 3578 quam
441 3514 508 3556 non
519 3493 687 3578 probarit3
706 3489 833 3555 nuilam
854 3489 1066 3576 oppugnavit,
1092 3514 1193 3575 quam
1292 3540 1296 3544 -

168 3635 237 3677 non
251 3597 418 3679 everterit
458 3609 523 3676 Sed
535 3613 597 3677 hoc
611 3613 718 3699 majus
731 3625 782 3673 est
792 3608 1078 3698 'quiddam-quam
1090 3609 1129 3675 ab
1141 3611 1194 3694 iis,
1285 3627 1290 3634 “

1014 3829 1018 3838 “
1035 3831 1138 3862 Μ’*

217 3972 231 4048 i
254 3971 415 4038 XXXIX.
463 3975 538 4061 Ego
555 3936 729 4054 autem‚si
744 3985 843 4058 que'm
855 3994 942 4038 nunc
954 3972 1051 4067 plane
1076 3975 1193 4040 rudem

168 4090 302 4152 institui
321 4092 363 4155 ad
376 4093 555 4159 dicendum
567 4095 684 4174 velim,
710 4093 762 4157 his
775 4093 885 4178 potius
897 4094 1027 4158 tradam
1041 4092 1194 4169 assiduis,

175 4223 242 4266 uno
257 4226 354 4287 opere
369 4201 508 4274 eandem
521 4197 677 4278 incudem
702 4213 792 4278 diem
813 4228 1007 4296 noctemque
1028 4212 1194 4276 tundenti-

1112 4305 1194 4420 ba
