2742 4950
479 352 509 415 L
533 365 547 414 1
571 369 592 414 ι
616 314 681 413 rs
727 346 796 410 111.
841 354 895 411 so.
1135 351 1196 414 sos

1010 467 1031 495 A

123 507 129 512 ¹
184 536 251 599 tur,
265 523 299 586 in
310 509 515 604 quacumque
527 517 570 579 sit
582 509 675 600 parte
689 513 888 578 titubatum:
922 512 957 577 in
969 515 1117 578 oratione
1141 534 1198 580 au.

184 646 373 731 tem'prima
383 644 478 731 pauci
492 657 640 720 cernunt,
651 654 819 726 postrema
829 638 976 724 plerique
991 660 1001 702 ε
1018 658 1106 723 ‘qu2,
1117 643 1200 719 quo·
1292 701 1294 706 s

162 805 174 830 ;
185 768 275 833 niam
289 765 444 854 apparent
456 780 489 833 et
502 738 742 850 intelliguntur,
753 738 912 828 varianda
919 765 1011 838 sunt,
1023 779 1065 824 ne
1076 770 1132 823 eut
1142 777 1198 820 an·

177 851 328 955 ‘frunimii
336 890 474 982 judiciis
484 889 715 978 repudientur,
727 899 784 951 aut
797 882 925 961 aurium
939 880 1098 946 satietate.
1120 877 1200 942 Duo

184 983 272 1080 eniiu
287 1003 343 1078 aut
350 1028 418 1078 tres
432 1026 507 1077 sunt
520 1009 589 1078 fere
602 1003 743 1079 extrenii
752 1008 903 1074 servandi
912 1000 1086 1071 etnotandi
1097 999 1201 1084 pedes

186 1123 231 1225 (si
246 1123 346 1198 modo
359 1123 425 1198 non
435 1133 588 1198 breviora
598 1131 631 1198 et
644 1129 780 1215 praecisa
792 1137 888 1190 erunt
897 1117 1093 1206 superiorffi)
1115 1133 1199 1200 ΨΜ

185 1261 243 1311 aut
251 1248 405 1327 thomos,
416 1261 473 1312 aut
484 1248 615 1327 heroos,
628 1258 684 1309 aut
699 1244 839 1307 alternos
852 1258 924 1305 esse
945 1232 1122 1320 oportebit,
1144 1240 1200 1293 aut

184 1373 219 1435 in
232 1391 347 1456 paeane
359 1371 417 1436 illo
429 1369 621 1456 posteriore,
642 1386 741 1449 quem
768 1356 968 1426 Aristoteles
993 1351 1120 1439 probat,
1144 1359 1201 1413 aut
1250 1445 1256 1458 .

185 1491 217 1553 ei
230 1491 301 1576 pari
314 1491 447 1555 cretico.
493 1488 624 1553 Horum
649 1482 898 1550 vicissitudines
923 1474 1074 1551 efficient,
1096 1485 1133 1536 ut
1143 1492 1202 1535 ne·
1241 1527 1250 1542 ,

185 1630 248 1693 que
262 1611 287 1674 ii
302 1612 473 1690 satientur,
487 1609 544 1694 qui
555 1606 705 1684 audient,
718 1601 854 1667 fastidio
867 1595 1094 1662 similitudinis
1109 1620 1119 1669 ς
1139 1613 1202 1658 neo

183 1752 244 1794 nos
261 1731 312 1808 id,
325 1731 415 1824 qnod
440 1729 612 1800 faciemus,
625 1741 726 1803 opera
743 1718 858 1783 dedita
881 1715 989 1777 facere
1015 1714 1200 1776 videamur.

187 1827 290 1925 Quod
303 1847 331 1911 si
347 1847 523 1927 Antipater
535 1840 591 1901 ille
606 1837 777 1912 Sidonius,
787 1853 887 1919 quern
899 1828 1060 1915 mprobe,
1074 1827 1204 1908 Catule,

152 1993 156 1997 ’
184 1945 379 2040 meministi,
390 1960 506 2025 solitus
515 1972 566 2022 est
578 1978 692 2021 versus
705 1955 915 2019 hexametros
941 1947 1089 2030 aliosque
1101 1946 1202 2011 variis

186 2081 297 2150 modis
311 2063 409 2163 atque
429 2073 577 2142 numeris
602 2074 740 2138 fundere
765 2093 808 2135 ex
827 2084 988 2154 tempore,
1007 2079 1202 2151 tantumque

184 2179 330 2269 hominis
344 2200 507 2289 ingeniosi
522 2221 559 2265 ac
566 2196 724 2263 memoris
737 2195 841 2260 valuit
849 2191 1055 2268 exercitatio,
1065 2204 1114 2266 ut,
1125 2213 1201 2255 curn

185 2339 341 2391 semente
356 2339 393 2390 ac
403 2323 574 2388 voluntate
589 2318 784 2403 conjecisset
798 2317 832 2375 in
844 2310 1018 2388 versum,*
1030 2311 1130 2373 verba
1151 2331 1201 2374 ee·

184 2422 362 2526 queientur
376 2463 384 2523 ς
400 2460 522 2529 quanto
531 2446 566 2504 id
576 2437 704 2501 facilius
713 2433 745 2498 in
755 2435 918 2514 oratione,
927 2431 1159 2499 exercitatione
1170 2445 1203 2497 et

184 2544 419 2659 inusuetudine
429 2562 587 2640 adhibita,
596 2559 856 2641 consequemur?
870 2557 957 2621 sslud
966 2549 1121 2622 autemus
1128 2558 1202 2641 quis

189 2672 381 2770 admiretur,
394 2690 550 2775 quoniam
557 2684 860 2770 modohaecvulgus
869 2683 1098 2771 imperitorum
1104 2686 1138 2749 in
1146 2706 1201 2749 au·

108 2830 114 2837 ’
185 2810 309 2879 diendo
319 2824 429 2888 notet3
445 2811 564 2878 cumin
576 2806 669 2872 omni
683 2827 815 2892 genere,
823 2822 894 2873 turn
904 2808 938 2872 in
950 2809 1014 2875 hoc
1028 2812 1100 2898 ipso
1112 2816 1202 2896 mag·

188 2916 231 3000 na
241 2936 387 3021 quadam
409 2938 460 2998 est
471 2933 521 2998 vis
534 2932 803 3019 incredibilisque
816 2922 941 3002 naturae
957 2958 966 2998 t
988 2956 1103 2999 omues
1114 2936 1203 2999 enim

187 3061 288 3155 tacito
296 3059 439 3143 quodam
448 3067 557 3135 sensu,
568 3056 639 3119 sine
650 3055 794 3121 ulla'arte
804 3069 859 3118 aut
867 3054 1005 3137 ratione,
1016 3057 1156 3140 quaesiut
1168 3058 1202 3122 in

188 3176 312 3244 artibus
321 3202 357 3247 ac
366 3174 643 3244 rationibusrecta
654 3176 1116 3262 acpravadijudicant3idque
1126 3201 1202 3245 cum

188 3288 312 3361 faciunt
322 3298 354 3360 in
362 3296 499 3383 picturis
512 3312 544 3360 et
558 3295 592 3359 in
601 3296 717 3382 signis,
729 3296 803 3361 etin
813 3295 886 3361 aliis
897 3298 1062 3382 operibus,
1071 3298 1113 3361 ad
1123 3320 1204 3381 quo·

191 3412 265 3483 tuln
287 3412 538 3504 intelligentiam
561 3389 704 3489 enatura
720 3416 829 3484 minus
847 3419 969 3491 habeut
984 3420 1204 3501 instrumenti,
1247 3508 1250 3512 ι

188 3534 260 3606 tuni
274 3526 378 3606 inulto
400 3543 578 3647 ostendunt
602 3541 710 3631 magis
724 3542 758 3606 in
772 3543 961 3621 verborum,
979 3561 1204 3620 numerorum,

190 3680 374 3746 vocumque
383 3661 512 3748 judicio
528 3662 649 3746 ;'quod
663 3684 704 3726 ea
713 3674 789 3725 sunt
805 3659 839 3725 in
864 3663 1091 3726 communibus
1105 3662 1206 3730 infixe

190 3782 349 3864 sensibus,
360 3806 466 3869 neque
481 3807 594 3851 earum
605 3808 718 3852 rerum
732 3805 931 3869 quemquam
944 3782 1093 3851 funditus
1111 3803 1204 3856 natu·

191 3919 228 3963 ra
240 3899 346 3964 voluit
356 3924 427 3968 esse
439 3919 618 4005 expertem.
641 3900 645 3907 ’
666 3905 781 3988 ltaque
795 3924 860 3967 non
881 3902 989 3970 solum
1013 3905 1122 3972 verbis
1135 3920 1204 3972 arte

1086 4024 1205 4108 positis

222 4220 308 4278 'um
321 4241 345 4276 re
355 4206 469 4278 nunnae
478 4228 592 4281 salutm
601 4230 730 4299 conjecisset
744 4229 892 4288 inwmmt
910 4234 987 4282 when
1005 4228 1071 4283 trith
1087 4226 1210 4280 attention
1227 4214 1236 4226 ’

188 4320 238 4376 and
248 4323 279 4375 ol
286 4327 370 4377 choise
379 4326 412 4376 he
425 4324 523 4394 applied
532 4326 640 4380 himself
646 4338 672 4378 to
680 4337 766 4394 poetry
781 4328 822 4393 (or
830 4324 989 4393 rerslt'ying.)
1001 4314 1018 4398 ι’
