2742 4950
122 373 200 434 tta
415 369 489 432 Da
545 370 852 434 Oaaroar

135 555 156 598 a
165 548 255 600 terra
265 535 415 620 abripuit,
426 549 522 619 atque
534 534 571 598 in
579 533 681 597 altum
690 554 709 595 a
719 541 895 615 conspectu
901 550 988 614 pene
997 531 1148 596 omnium

136 660 315 736 abstraxit3
340 681 475 726 omnem
501 659 591 722 enim
612 677 723 721 rerum
747 656 915 720 scientiam
940 657 1144 743 complexus,

135 800 246 848 nontu
265 784 404 868 quidem
418 803 492 847 eam
515 784 610 845 nobis
630 781 797 846 tradidisti
824 787 941 871 (neque
966 782 1056 844 enim
1081 780 1146 845 fuit

106 923 113 941 '
134 925 202 974 tam
221 911 336 997 exigui
348 912 535 996 temporis,)
563 913 632 991 sed,
655 912 743 996 apud
766 879 828 972 hos
852 910 932 993 quid
955 904 1146 992 profeceris,

134 1036 272 1109 nesci03
295 1057 347 1101 me
361 1034 494 1118 quidem
515 1034 549 1096 in
564 1035 783 1099 Academiam
804 1048 912 1100 totum
937 1030 1145 1118 compulisti:

135 1159 172 1221 in
184 1179 251 1243 qua
259 1158 361 1222 velim
372 1158 415 1220 sit
425 1157 519 1236 illud,
532 1157 620 1240 quod
632 1180 718 1243 saepe
732 1127 883 1243 posuisti,
895 1171 933 1221 ut
943 1176 1009 1219 non
1015 1177 1147 1220 necesse

137 1278 183 1341 sit
194 1299 385 1344 consumere
400 1291 536 1360 etatem,
549 1292 647 1362 atque
670 1293 707 1342 ut
726 1277 831 1364 possit
844 1281 873 1344 is
887 1280 943 1343 illa
956 1277 1067 1343 omnia
1078 1263 1151 1340 ter-¹

136 1420 229 1476 nere,
253 1402 311 1487 qui
336 1401 564 1465 tantummodo
589 1401 801 1486 adspexerit3
825 1409 897 1487 sed,
922 1408 1023 1472 etiam
1048 1408 1076 1470 si
1102 1418 1152 1469 est

137 1519 304 1601 aliquanto
324 1521 474 1604 spissius,
501 1533 557 1584 aut
581 1521 610 1584 si
634 1543 697 1607 ego
721 1547 795 1587 sum
818 1526 983 1606 tardion*
1007 1526 1155 1612 profecto
1203 1580 1206 1586 .

134 1659 312 1723 numquam
326 1642 569 1721 conquiescam,
591 1659 700 1720 neque
713 1648 923 1734 defatigabor
943 1641 1028 1726 ante,
1053 1672 1149 1729 quam

136 1762 272 1826 iliorum
291 1760 449 1844 aucipites
470 1761 543 1824 vias
564 1745 773 1842 rationesque
796 1777 830 1828 et
851 1783 914 1848 pro
939 1771 1094 1833 omnibus
1119 1785 1153 1833 et

139 1879 765 1967 suumomniadisputandipercepero.
789 1880 879 1946 Tum
889 1885 1011 1965 Caesar,
1021 1893 1151 1968 Unum,

138 2004 258 2088 inquit,
271 2025 325 2067 me
337 2025 381 2069 ex
392 2017 451 2067 tuo
464 2024 615 2068 sermone
630 2001 786 2081 maxime,
809 2002 940 2085 Crasse,
964 2009 1154 2089 commovit,

133 2126 228 2212 'quod
238 2144 314 2187 eum
328 2126 469 2207 negasti,
483 2126 541 2207 qui
554 2148 621 2189 non
633 2129 700 2192 cito
711 2129 792 2213 quid
802 2129 987 2211 didicisset,
1000 2154 1159 2216 umquam

138 2249 273 2314 omnino
285 2269 380 2336 posse
389 2248 595 2332 perdiscere:
620 2233 657 2312 ut
671 2252 753 2313 mihi
767 2271 834 2313 non
856 2251 900 2315 sit
923 2254 1055 2319 difficile
1069 2261 1155 2342 peri-

139 2372 259 2454 clitari,
283 2385 384 2436 etant
401 2371 513 2435 statim
534 2371 701 2457 percipere
721 2368 796 2447 ista,
823 2392 895 2451 quae
921 2388 956 2436 tu
978 2379 1092 2442 verbis
1115 2383 1158 2446 ad
1188 2421 1193 2430 ι

141 2496 257 2563 celum
283 2492 453 2571 exttdisti3
490 2509 557 2572 aut,
581 2495 610 2559 si
636 2517 703 2558 non
725 2492 900 2579 potuerim,
924 2508 1055 2578 tempus
1084 2521 1153 2563 non

141 2617 292 2703 perdere,
316 2638 392 2680 cum
404 2628 517 2679 umen
528 2616 580 2680 bis
599 2617 720 2680 nostris
745 2615 870 2701 possim
883 2635 956 2678 esse
971 2630 1154 2682 contentus.

142 2743 212 2808 Hic
225 2740 397 2824 Sulpitius,
409 2739 484 2826 Ego
496 2760 575 2805 vero
589 2740 708 2823 inquit,
724 2739 853 2818 Crasse,
871 2760 976 2822 neque
992 2739 1159 2807 Aristote-

138 2869 207 2932 1em
217 2864 331 2953 istum,
344 2884 451 2944 neque
465 2861 680 2939 Carneadem,
693 2882 753 2921 nee
767 2861 1038 2945 philosophorum
1046 2883 1158 2945 quem·

143 3002 244 3065 quam
256 2979 432 3045 desidero:
455 2979 508 3045 vel
522 3001 574 3044 me
586 2978 664 3041 lieet
677 2977 847 3040 existimes
870 2981 1044 3062 desperare
1061 3001 1157 3064 posse

144 3107 207 3170 ista
219 3105 403 3191 perdiscere
420 3131 428 3179 ς
451 3104 517 3183 vei,
531 3103 566 3167 id
578 3102 668 3187 quod
680 3100 777 3179 facio,
791 3114 1009 3187 contemnere.
1056 3102 1154 3164 Mihi

144 3246 257 3290 rerum
269 3222 453 3287 forensium
476 3237 510 3285 et
523 3220 748 3285 communium
761 3217 905 3304 vulgaris
924 3218 994 3283 haec
1008 3220 1156 3304 cognitio
1200 3190 1204 3205 ,

144 3348 223 3411 satis
234 3366 355 3429 magna
367 3357 418 3409 est
430 3344 473 3406 ad
485 3364 570 3422 eam,
585 3362 683 3424 quam
701 3356 825 3428 specto,
849 3342 1070 3435 eloquentiam
1082 3365 1091 3416 3
1115 3360 1159 3403 ex

145 3494 209 3555 qua
220 3473 291 3556 ipsa
302 3484 413 3533 tamen
425 3467 587 3553 permulta
599 3460 725 3546 nescio,
739 3490 816 3551 quae
829 3479 902 3530 tum
910 3468 1069 3550 denique,
1084 3484 1158 3528 cum

145 3612 261 3656 caussa
270 3590 390 3673 aliqua,
415 3586 487 3672 quae
499 3609 518 3650 a
530 3607 582 3651 me
598 3587 737 3653 dicenda
754 3600 814 3663 est,
838 3584 1016 3658 desiderat,
1041 3600 1154 3666 quaro.

146 3714 382 3793 Quamobrem,
407 3713 472 3774 uisi
495 3698 589 3777 forte
603 3734 638 3781 es
656 3712 728 3798 jam
741 3709 901 3783 defessus,
931 3720 965 3770 et
979 3706 1006 3768 si
1019 3703 1079 3767 tibi
1090 3724 1160 3799 non

146 3855 262 3927 graves
276 3856 401 3912 sumus,
424 3832 694 3910 remedium,
717 3853 786 3915 qua
809 3835 851 3898 ad
872 3832 972 3916 ipsius
998 3824 1158 3893 orationis

144 3962 279 4028 laudem
291 3929 566 4043 splendoremque
579 3942 745 4042 pertinent
757 3984 767 4034 ;
781 3980 850 4041 quae
866 3976 927 4043 ego
942 3968 1029 4019 exte
1045 3951 1156 4017 audire

1055 4075 1158 4157 volui,
1236 4138 1238 4140 ,

175 4263 189 4292 s
200 4265 365 4324 Esmsieat
373 4259 658 4332 assumpseram
676 4262 698 4312 ri
717 4276 759 4329 ego
775 4256 950 4338 sumtardior5
970 4255 994 4310 if
1012 4256 1103 4309 thisbe
1121 4263 1163 4306 toa

138 4360 251 4425 ffffitult,
261 4380 289 4416 or
298 4365 322 4418 if
325 4365 339 4419 1
351 4365 381 4418 be
389 4374 430 4419 too
440 4361 498 4415 dub
