2742 4950
160 376 207 441 4ο
449 358 877 443 DrOrsrotr

161 535 326 606 niensibus
359 516 675 605 armamentarium*
703 522 797 602 fecit,
832 533 959 586 coastat
983 521 1165 606 perdiserte
1207 552 1208 557 ¹

160 658 279 749 populo
298 655 460 720 rationem
480 650 588 738 operis
610 650 662 713 sui
684 646 884 727 reddidisse,
907 646 1168 713 existimandum

160 778 216 850 est'
225 764 395 845 architecti
418 775 527 864 potius
539 775 677 841 artificio
699 774 870 854 disertum,
895 786 995 858 quam
1019 776 1174 857 oratoris,

95 938 100 950 ι
160 901 273 971 scisse.
311 896 746 985 Nec,sihuicM·,Antonio
758 918 818 982 pro
832 897 1041 961 Hermodoro
1053 897 1173 966 fuisset

162 1025 205 1092 de
218 1028 385 1093 navalium
398 1048 493 1113 opere
506 1024 696 1102 dicendum,
712 1043 790 1102 uon,
803 1044 880 1087 cum
894 1022 935 1086 ab
948 1021 1005 1086 illo
1019 1044 1169 1088 caussam

163 1144 345 1225 didicisset,
371 1145 441 1229 ipse
468 1154 580 1207 ornate
604 1143 647 1205 de
680 1141 785 1205 alieno
810 1141 949 1206 artificio
975 1142 1172 1227 copioseque

164 1265 313 1333 dixisset.
358 1265 478 1347 Neque
490 1282 571 1327 vero
586 1261 803 1344 Asclepiades
825 1261 855 1326 is
879 1270 960 1355 (quo
971 1286 1031 1328 uos
1044 1264 1174 1331 medico

165 1385 335 1471 amicoque
361 1383 413 1449 usi
439 1381 569 1466 sumus)
603 1394 687 1460 tum,
714 1379 795 1442 cum¹
815 1381 1005 1463 eloquentia
1027 1387 1177 1451 vincebat

165 1517 305 1569 caeteros
319 1501 478 1579 medicos,
491 1499 575 1562 ineo
589 1497 673 1581 ipso,
685 1495 774 1578 quod
786 1508 898 1560 ornate
910 1496 1054 1578 dicebat,
1068 1502 1176 1564 medi-

166 1623 245 1688 cinae
261 1622 414 1688 facultate
436 1621 597 1699 utebatur,
622 1639 690 1680 non
715 1617 919 1702 eloquentie.
966 1618 1080 1709 Atque
1093 1621 1178 1686 illud
1219 1661 1226 1673 ·

166 1758 221 1810 cst
237 1742 447 1828 probabilius,
468 1761 575 1824 neque
608 1753 719 1805 tamen
742 1761 871 1821 verum,
906 1743 994 1824 quod
1024 1741 1178 1806 Socrates

168 1865 279 1931 dicere
300 1867 435 1944 solebat,
458 1864 584 1928 Omnes
605 1862 639 1925 in
664 1883 717 1942 eo,
744 1864 833 1946 quod
858 1861 974 1945 scient,
1000 1854 1079 1930 satis
1103 1886 1176 1930 esse

168 1981 386 2065 eloquentes:
421 1981 504 2047 illud
528 1979 650 2058 verius,
685 1980 805 2068 Neque
841 2003 1040 2066 quemquam
1071 1982 1105 2045 in
1136 2003 1177 2049 eo

169 2094 330 2160 disertum
342 2118 413 2161 esse
427 2115 535 2180 posse,
560 2098 649 2179 quod
660 2097 796 2177 nesciat,
818 2120 937 2183 neque,
960 2099 989 2164 si
1003 2099 1038 2163 id
1053 2100 1178 2185 optime

169 2211 263 2292 sciat,
290 2212 486 2298 ignarusque
510 2211 555 2275 sit
577 2208 736 2275 faciundae
759 2232 796 2274 ac
821 2214 985 2295 poliundae
1010 2216 1179 2296 orationis,

170 2330 292 2399 diserte
314 2333 349 2401 id
360 2316 466 2420 ipsum
476 2353 584 2417 posse,
606 2331 648 2396 de
662 2351 729 2413 quo
742 2331 835 2411 sciat,
858 2333 982 2398 dicere.

216 2579 231 2660 l
254 2584 331 2649 XV.
377 2580 603 2654 Quamobrem
623 2579 727 2664 siquis
749 2578 935 2646 universam
958 2595 993 2646 et
1013 2575 1178 2667 propriam

171 2702 311 2768 oratoris
324 2701 394 2765 vim
415 2702 551 2766 definire
573 2688 810 2784 complectique
823 2705 895 2768 vult
910 2731 919 2780 ;
940 2705 970 2768 is
982 2718 1091 2770 orator
1102 2703 1178 2782 erit,

154 2820 249 2887 'mea
280 2818 452 2897 sententia,
485 2818 548 2881 hoc
580 2831 650 2881 tam
676 2815 769 2901 gravi
795 2818 915 2900 dignus
941 2825 1086 2903 nomine,
1112 2820 1181 2907 qui,

175 2959 384 3025 quercumque
409 2961 461 3005 res
485 2938 650 3019 inciderit,
675 2958 746 3021 quae
758 2936 803 3000 sit
814 2936 959 3002 dictione
977 2915 1181 3025 explicanda,

174 3067 361 3153 prudenter,
384 3079 417 3133 et
429 3065 622 3152 composite,
645 3076 678 3128 et
690 3077 814 3144 ornate,
835 3076 868 3127 et
879 3068 1071 3131 memoriter
1083 3070 1185 3152 dicat,

177 3211 252 3255 mm
275 3190 416 3274 quadam
443 3188 542 3253 etiarn
569 3186 708 3249 actionis
732 3185 904 3272 dignitate.
957 3189 1017 3253 Sin
1041 3191 1183 3276 cuipiam

176 3309 276 3378 nimis
289 3310 453 3375 infinitum
463 3312 604 3391 videtur,
618 3314 708 3393 quod
720 3313 766 3375 ita
772 3314 879 3397 posui,
892 3337 1082 3408 quacumque
1091 3317 1130 3380 de
1139 3340 1185 3398 re,

1 3431 4 3491 ἶ
112 3515 114 3522 γ
176 3427 255 3496 licet
263 3429 352 3511 hinc,
366 3443 522 3517 quantum
533 3431 651 3514 cuique
664 3433 840 3513 videbitur,
862 3436 1076 3500 circumcidat
1087 3451 1183 3520 atque

3 3609 5 3620 ,
115 3602 117 3610 ,,
178 3564 342 3634 amputets
366 3550 570 3614 tamenillud
582 3552 712 3630 tenebo,
729 3551 777 3629 Si,
797 3574 867 3636 quse
881 3555 1002 3619 caeteris
1015 3554 1049 3618 in
1061 3554 1184 3619 assibus

178 3685 234 3740 mt
246 3672 363 3737 studiis
374 3673 529 3748 citassent,
540 3685 649 3735 orator
659 3673 798 3757 ignoret,
809 3688 1001 3763 tantumque
1014 3699 1053 3742 ea
1063 3688 1184 3754 teneat,

1115 3823 1184 3887 ‘luae

208 4080 222 4109 ⁰
241 4079 323 4145 Pliny,
334 4081 466 4130 Liuvn.
485 4078 572 4131 makes
583 4081 735 4130 mendosos
748 4081 910 4140 thisarseml,
932 4081 1115 4143 ardobserres,
1132 4084 1188 4133 thet

179 4182 260 4233 itwss
269 4197 297 4231 so
306 4182 373 4247 large
384 4182 433 4233 aud
443 4181 623 4240 commodious,
641 4186 696 4233 that
706 4200 722 4232 a
731 4184 854 4234 thousand
870 4185 938 4249 ships
954 4185 1038 4248 might
1047 4186 1112 4236 have
1127 4184 1190 4234 been

179 4282 266 4334 drawn
275 4300 309 4355 up
318 4296 344 4338 to
355 4286 382 4348 it,
393 4285 443 4337 and
451 4286 549 4338 secured
557 4285 626 4337 from
635 4288 677 4337 the
688 4285 788 4355 mjuries
798 4287 828 4338 of
835 4290 877 4341 the
886 4289 996 4352 wcethq
1002 4285 1056 4339 aad
1067 4288 1109 4339 the
1119 4299 1170 4336 m·
