<?xml version="1.0" encoding="UTF-8"?>
<!DOCTYPE html PUBLIC "-//W3C//DTD XHTML 1.0 Transitional//EN"
    "http://www.w3.org/TR/xhtml1/DTD/xhtml1-transitional.dtd">
<html xmlns="http://www.w3.org/1999/xhtml" xml:lang="en" lang="en">
 <head>
  <title>
</title>
<meta http-equiv="Content-Type" content="text/html;charset=utf-8" />
  <meta name='ocr-system' content='tesseract 3.04.00' />
  <meta name='ocr-capabilities' content='ocr_page ocr_carea ocr_par ocr_line ocrx_word'/>
</head>
<body>
  <div class='ocr_page' id='page_1' title='image "./mtulliiciceroni00smitgoog_0181.png"; bbox 0 0 2742 4950; ppageno 0'>
   <div class='ocr_carea' id='block_1_1' title="bbox 463 390 1168 470">
    <p class='ocr_par' dir='ltr' id='par_1_1' title="bbox 463 390 1168 470">
     <span class='ocr_line' id='line_1_1' title="bbox 463 390 1168 470; baseline -0.007 -9"><span class='ocrx_word' id='word_1_1' title='bbox 463 398 492 460; x_wconf 96' lang='lat' dir='ltr'>L</span> <span class='ocrx_word' id='word_1_2' title='bbox 517 417 531 459; x_wconf 95' lang='lat'>1</span> <span class='ocrx_word' id='word_1_3' title='bbox 555 414 575 459; x_wconf 73' lang='lat' dir='ltr'>a</span> <span class='ocrx_word' id='word_1_4' title='bbox 599 418 619 460; x_wconf 79' lang='lat' dir='ltr'>r</span> <span class='ocrx_word' id='word_1_5' title='bbox 642 415 670 470; x_wconf 57' lang='lat' dir='ltr'>a,</span> <span class='ocrx_word' id='word_1_6' title='bbox 710 390 757 456; x_wconf 78' lang='grc' dir='ltr'>ΙΙ.</span> <span class='ocrx_word' id='word_1_7' title='bbox 803 400 857 456; x_wconf 78' lang='grc'>50.</span> <span class='ocrx_word' id='word_1_8' title='bbox 1107 397 1168 456; x_wconf 79' lang='lat' dir='ltr'>m</span> 
     </span>
    </p>
   </div>
   <div class='ocr_carea' id='block_1_2' title="bbox 118 554 1176 1626">
    <p class='ocr_par' dir='ltr' id='par_1_2' title="bbox 118 554 1176 1626">
     <span class='ocr_line' id='line_1_2' title="bbox 118 554 1169 657; baseline -0.013 -21"><span class='ocrx_word' id='word_1_9' title='bbox 118 652 119 657; x_wconf 8' lang='grc' dir='ltr'>η</span> <span class='ocrx_word' id='word_1_10' title='bbox 160 571 314 638; x_wconf 85' lang='lat' dir='ltr'>dolorem</span> <span class='ocrx_word' id='word_1_11' title='bbox 325 567 470 640; x_wconf 74' lang='lat' dir='ltr'>acerbius</span> <span class='ocrx_word' id='word_1_12' title='bbox 484 567 632 628; x_wconf 86' lang='lat' dir='ltr'>accidere</span> <span class='ocrx_word' id='word_1_13' title='bbox 645 554 755 647; x_wconf 87' lang='lat' dir='ltr'>posse,</span> <span class='ocrx_word' id='word_1_14' title='bbox 766 582 863 643; x_wconf 91' lang='lat' dir='ltr'>quam</span> <span class='ocrx_word' id='word_1_15' title='bbox 878 561 906 622; x_wconf 90' lang='lat' dir='ltr'>si</span> <span class='ocrx_word' id='word_1_16' title='bbox 917 558 984 637; x_wconf 46' lang='grc' dir='ltr'>ἰὴ*</span> <span class='ocrx_word' id='word_1_17' title='bbox 1005 559 1061 641; x_wconf 91' lang='lat' dir='ltr'>qui</span> <span class='ocrx_word' id='word_1_18' title='bbox 1087 582 1169 643; x_wconf 70' lang='lat' dir='ltr'>saepe</span> 
     </span>
     <span class='ocr_line' id='line_1_3' title="bbox 160 687 1170 773; baseline -0.017 -13"><span class='ocrx_word' id='word_1_19' title='bbox 160 695 381 760; x_wconf 77' lang='lat' dir='ltr'>alienissimus</span> <span class='ocrx_word' id='word_1_20' title='bbox 395 716 414 756; x_wconf 91' lang='lat' dir='ltr'>a</span> <span class='ocrx_word' id='word_1_21' title='bbox 427 716 491 773; x_wconf 86' lang='lat' dir='ltr'>me,</span> <span class='ocrx_word' id='word_1_22' title='bbox 505 695 565 756; x_wconf 91' lang='lat' dir='ltr'>sed</span> <span class='ocrx_word' id='word_1_23' title='bbox 572 692 654 754; x_wconf 82' lang='lat' dir='ltr'>meis</span> <span class='ocrx_word' id='word_1_24' title='bbox 666 702 776 752; x_wconf 86' lang='lat' dir='ltr'>tamen</span> <span class='ocrx_word' id='word_1_25' title='bbox 790 687 926 765; x_wconf 90' lang='lat' dir='ltr'>civibus,</span> <span class='ocrx_word' id='word_1_26' title='bbox 940 688 1036 748; x_wconf 87' lang='lat' dir='ltr'>saluti</span> <span class='ocrx_word' id='word_1_27' title='bbox 1058 689 1170 751; x_wconf 61' lang='lat' dir='ltr'>existiss</span> 
     </span>
     <span class='ocr_line' id='line_1_4' title="bbox 162 808 1169 896; baseline -0.008 -15"><span class='ocrx_word' id='word_1_28' title='bbox 162 817 395 896; x_wconf 84' lang='lat' dir='ltr'>marerfnisse,</span> <span class='ocrx_word' id='word_1_29' title='bbox 414 815 518 878; x_wconf 81' lang='lat' dir='ltr'>sodali</span> <span class='ocrx_word' id='word_1_30' title='bbox 548 832 622 880; x_wconf 87' lang='lat' dir='ltr'>meo</span> <span class='ocrx_word' id='word_1_31' title='bbox 652 809 810 873; x_wconf 85' lang='lat' dir='ltr'>auxilium</span> <span class='ocrx_word' id='word_1_32' title='bbox 831 808 916 870; x_wconf 79' lang='lat' dir='ltr'>ferre</span> <span class='ocrx_word' id='word_1_33' title='bbox 937 829 1002 870; x_wconf 88' lang='lat' dir='ltr'>non</span> <span class='ocrx_word' id='word_1_34' title='bbox 1026 828 1169 891; x_wconf 84' lang='lat' dir='ltr'>possem.</span> 
     </span>
     <span class='ocr_line' id='line_1_5' title="bbox 161 936 1173 1028; baseline -0.005 -23"><span class='ocrx_word' id='word_1_35' title='bbox 161 942 317 1010; x_wconf 85' lang='lat' dir='ltr'><strong>Petebam</strong></span> <span class='ocrx_word' id='word_1_36' title='bbox 328 966 348 1006; x_wconf 91' lang='lat' dir='ltr'>a</span> <span class='ocrx_word' id='word_1_37' title='bbox 353 941 536 1028; x_wconf 88' lang='lat' dir='ltr'>judicibus,</span> <span class='ocrx_word' id='word_1_38' title='bbox 546 954 582 1002; x_wconf 87' lang='lat' dir='ltr'>ut</span> <span class='ocrx_word' id='word_1_39' title='bbox 595 940 675 1002; x_wconf 90' lang='lat' dir='ltr'>illud</span> <span class='ocrx_word' id='word_1_40' title='bbox 691 938 777 1001; x_wconf 79' lang='lat' dir='ltr'>aetati</span> <span class='ocrx_word' id='word_1_41' title='bbox 803 958 900 1014; x_wconf 85' lang='lat' dir='ltr'>meae,</span> <span class='ocrx_word' id='word_1_42' title='bbox 925 949 964 1004; x_wconf 87' lang='lat' dir='ltr'>nt</span> <span class='ocrx_word' id='word_1_43' title='bbox 983 936 1173 1017; x_wconf 78' lang='lat' dir='ltr'>honoribus,</span> 
     </span>
     <span class='ocr_line' id='line_1_6' title="bbox 157 1060 1173 1153; baseline -0.009 -24"><span class='ocrx_word' id='word_1_44' title='bbox 157 1079 196 1129; x_wconf 87' lang='lat' dir='ltr'>ut</span> <span class='ocrx_word' id='word_1_45' title='bbox 208 1069 307 1131; x_wconf 90' lang='lat' dir='ltr'>rebus</span> <span class='ocrx_word' id='word_1_46' title='bbox 322 1067 434 1153; x_wconf 83' lang='lat' dir='ltr'>gestis,</span> <span class='ocrx_word' id='word_1_47' title='bbox 446 1067 472 1127; x_wconf 90' lang='lat' dir='ltr'>si</span> <span class='ocrx_word' id='word_1_48' title='bbox 480 1064 584 1150; x_wconf 85' lang='lat' dir='ltr'>justo,</span> <span class='ocrx_word' id='word_1_49' title='bbox 596 1060 623 1126; x_wconf 93' lang='lat' dir='ltr'>si</span> <span class='ocrx_word' id='word_1_50' title='bbox 637 1066 693 1145; x_wconf 87' lang='lat' dir='ltr'>pio</span> <span class='ocrx_word' id='word_1_51' title='bbox 708 1062 818 1126; x_wconf 88' lang='lat' dir='ltr'>dolore</span> <span class='ocrx_word' id='word_1_52' title='bbox 845 1083 898 1123; x_wconf 88' lang='lat' dir='ltr'>me</span> <span class='ocrx_word' id='word_1_53' title='bbox 924 1081 994 1123; x_wconf 88' lang='lat' dir='ltr'>esse</span> <span class='ocrx_word' id='word_1_54' title='bbox 1022 1060 1173 1121; x_wconf 86' lang='lat' dir='ltr'>affectum</span> 
     </span>
     <span class='ocr_line' id='line_1_7' title="bbox 159 1183 1175 1277; baseline -0.012 -23"><span class='ocrx_word' id='word_1_55' title='bbox 159 1191 324 1271; x_wconf 82' lang='lat' dir='ltr'>viderent,</span> <span class='ocrx_word' id='word_1_56' title='bbox 338 1192 568 1260; x_wconf 84' lang='lat' dir='ltr'>concederent,</span> <span class='ocrx_word' id='word_1_57' title='bbox 580 1187 775 1277; x_wconf 78' lang='lat' dir='ltr'>praesertim,</span> <span class='ocrx_word' id='word_1_58' title='bbox 789 1185 817 1247; x_wconf 91' lang='lat' dir='ltr'>si</span> <span class='ocrx_word' id='word_1_59' title='bbox 829 1185 863 1245; x_wconf 92' lang='lat' dir='ltr'>in</span> <span class='ocrx_word' id='word_1_60' title='bbox 877 1184 950 1247; x_wconf 84' lang='lat' dir='ltr'>aliis</span> <span class='ocrx_word' id='word_1_61' title='bbox 981 1183 1103 1247; x_wconf 85' lang='lat' dir='ltr'>caussis</span> <span class='ocrx_word' id='word_1_62' title='bbox 1128 1183 1175 1243; x_wconf 90' lang='lat' dir='ltr'>in-</span> 
     </span>
     <span class='ocr_line' id='line_1_8' title="bbox 158 1282 1176 1385; baseline -0.009 -14"><span class='ocrx_word' id='word_1_63' title='bbox 158 1307 376 1383; x_wconf 82' lang='lat' dir='ltr'>tellexissent,</span> <span class='ocrx_word' id='word_1_64' title='bbox 390 1282 564 1365; x_wconf 81' lang='lat' dir='ltr'>omniame</span> <span class='ocrx_word' id='word_1_65' title='bbox 577 1292 706 1384; x_wconf 81' lang='lat' dir='ltr'>semper</span> <span class='ocrx_word' id='word_1_66' title='bbox 726 1323 785 1385; x_wconf 89' lang='lat' dir='ltr'>pro</span> <span class='ocrx_word' id='word_1_67' title='bbox 809 1303 990 1365; x_wconf 88' lang='lat' dir='ltr'>amicorum</span> <span class='ocrx_word' id='word_1_68' title='bbox 1011 1299 1176 1384; x_wconf 89' lang='lat' dir='ltr'>periculis,</span> 
     </span>
     <span class='ocr_line' id='line_1_9' title="bbox 159 1402 1175 1505; baseline 0.003 -22"><span class='ocrx_word' id='word_1_69' title='bbox 159 1422 248 1483; x_wconf 81' lang='lat' dir='ltr'>nihil</span> <span class='ocrx_word' id='word_1_70' title='bbox 261 1441 417 1503; x_wconf 89' lang='lat' dir='ltr'>nmquam</span> <span class='ocrx_word' id='word_1_71' title='bbox 430 1402 553 1501; x_wconf 86' lang='lat' dir='ltr'>prome</span> <span class='ocrx_word' id='word_1_72' title='bbox 566 1424 636 1504; x_wconf 89' lang='lat' dir='ltr'>ipso</span> <span class='ocrx_word' id='word_1_73' title='bbox 648 1423 869 1505; x_wconf 85' lang='lat' dir='ltr'>deprecatum.</span> <span class='ocrx_word' id='word_1_74' title='bbox 915 1422 1085 1486; x_wconf 81' lang='lat' dir='ltr'>sicinina</span> <span class='ocrx_word' id='word_1_75' title='bbox 1106 1445 1175 1486; x_wconf 90' lang='lat' dir='ltr'>om·</span> 
     </span>
     <span class='ocr_line' id='line_1_10' title="bbox 160 1540 1171 1626; baseline 0.001 -22"><span class='ocrx_word' id='word_1_76' title='bbox 160 1541 197 1604; x_wconf 87' lang='lat' dir='ltr'>ni</span> <span class='ocrx_word' id='word_1_77' title='bbox 211 1540 402 1607; x_wconf 83' lang='lat' dir='ltr'>defensione</span> <span class='ocrx_word' id='word_1_78' title='bbox 416 1553 513 1622; x_wconf 85' lang='lat' dir='ltr'>atque</span> <span class='ocrx_word' id='word_1_79' title='bbox 529 1563 653 1616; x_wconf 81' lang='lat' dir='ltr'>caussa,</span> <span class='ocrx_word' id='word_1_80' title='bbox 668 1544 757 1624; x_wconf 91' lang='lat' dir='ltr'>quod</span> <span class='ocrx_word' id='word_1_81' title='bbox 779 1565 848 1607; x_wconf 89' lang='lat' dir='ltr'>esse</span> <span class='ocrx_word' id='word_1_82' title='bbox 875 1542 909 1604; x_wconf 91' lang='lat' dir='ltr'>in</span> <span class='ocrx_word' id='word_1_83' title='bbox 936 1557 1005 1606; x_wconf 90' lang='lat' dir='ltr'>arte</span> <span class='ocrx_word' id='word_1_84' title='bbox 1026 1543 1171 1626; x_wconf 88' lang='lat' dir='ltr'>positum</span> 
     </span>
    </p>
   </div>
   <div class='ocr_carea' id='block_1_3' title="bbox 157 1640 1174 1752">
    <p class='ocr_par' dir='ltr' id='par_1_3' title="bbox 157 1640 1174 1752">
     <span class='ocr_line' id='line_1_11' title="bbox 157 1640 1174 1752; baseline 0.003 -24"><span class='ocrx_word' id='word_1_85' title='bbox 157 1640 345 1742; x_wconf 73' lang='lat' dir='ltr'>videbatur,</span> <span class='ocrx_word' id='word_1_86' title='bbox 359 1669 445 1730; x_wconf 88' lang='lat' dir='ltr'>utde</span> <span class='ocrx_word' id='word_1_87' title='bbox 454 1667 527 1751; x_wconf 85' lang='lat' dir='ltr'>lege</span> <span class='ocrx_word' id='word_1_88' title='bbox 543 1669 687 1750; x_wconf 86' lang='lat' dir='ltr'>Apuleia</span> <span class='ocrx_word' id='word_1_89' title='bbox 700 1669 855 1742; x_wconf 88' lang='lat' dir='ltr'>dicerem,</span> <span class='ocrx_word' id='word_1_90' title='bbox 866 1683 913 1743; x_wconf 92' lang='lat' dir='ltr'>ut,</span> <span class='ocrx_word' id='word_1_91' title='bbox 926 1670 1005 1752; x_wconf 88' lang='lat' dir='ltr'>quid</span> <span class='ocrx_word' id='word_1_92' title='bbox 1015 1683 1103 1734; x_wconf 87' lang='lat' dir='ltr'>esset</span> <span class='ocrx_word' id='word_1_93' title='bbox 1113 1670 1174 1732; x_wconf 89' lang='lat' dir='ltr'>mi-</span> 
     </span>
    </p>
   </div>
   <div class='ocr_carea' id='block_1_4' title="bbox 135 1785 1177 2844">
    <p class='ocr_par' dir='ltr' id='par_1_4' title="bbox 135 1785 1177 2844">
     <span class='ocr_line' id='line_1_12' title="bbox 158 1785 1176 1882; baseline 0.003 -32"><span class='ocrx_word' id='word_1_94' title='bbox 158 1806 261 1882; x_wconf 87' lang='lat' dir='ltr'>nuere</span> <span class='ocrx_word' id='word_1_95' title='bbox 273 1785 493 1870; x_wconf 87' lang='lat' dir='ltr'>majestatem,</span> <span class='ocrx_word' id='word_1_96' title='bbox 521 1788 731 1874; x_wconf 82' lang='lat' dir='ltr'>explicarem,</span> <span class='ocrx_word' id='word_1_97' title='bbox 756 1814 915 1876; x_wconf 85' lang='lat' dir='ltr'>perquam</span> <span class='ocrx_word' id='word_1_98' title='bbox 937 1794 1079 1858; x_wconf 87' lang='lat' dir='ltr'>breviter</span> <span class='ocrx_word' id='word_1_99' title='bbox 1102 1814 1176 1875; x_wconf 88' lang='lat' dir='ltr'>per-</span> 
     </span>
     <span class='ocr_line' id='line_1_13' title="bbox 159 1917 1175 2011; baseline 0.004 -33"><span class='ocrx_word' id='word_1_100' title='bbox 159 1917 280 1980; x_wconf 82' lang='lat' dir='ltr'>strinxi</span> <span class='ocrx_word' id='word_1_101' title='bbox 291 1932 388 2004; x_wconf 85' lang='lat' dir='ltr'>atque</span> <span class='ocrx_word' id='word_1_102' title='bbox 415 1917 522 2000; x_wconf 86' lang='lat' dir='ltr'>attigi.</span> <span class='ocrx_word' id='word_1_103' title='bbox 573 1918 655 2011; x_wconf 79' lang='lat' dir='ltr'>&#39;His</span> <span class='ocrx_word' id='word_1_104' title='bbox 679 1919 805 1982; x_wconf 86' lang='lat' dir='ltr'>duabus</span> <span class='ocrx_word' id='word_1_105' title='bbox 826 1922 971 2003; x_wconf 87' lang='lat' dir='ltr'>partibus</span> <span class='ocrx_word' id='word_1_106' title='bbox 1006 1919 1175 1995; x_wconf 85' lang='lat' dir='ltr'>orationis,</span> 
     </span>
     <span class='ocr_line' id='line_1_14' title="bbox 161 2030 1175 2123; baseline 0.004 -20"><span class='ocrx_word' id='word_1_107' title='bbox 161 2030 303 2123; x_wconf 73' lang='lat' dir='ltr'>ilua&#39;rnm</span> <span class='ocrx_word' id='word_1_108' title='bbox 313 2039 417 2101; x_wconf 88' lang='lat' dir='ltr'>altera</span> <span class='ocrx_word' id='word_1_109' title='bbox 436 2039 688 2107; x_wconf 84' lang='lat' dir='ltr'>concitationem</span> <span class='ocrx_word' id='word_1_110' title='bbox 711 2041 821 2119; x_wconf 85' lang='lat' dir='ltr'>habet,</span> <span class='ocrx_word' id='word_1_111' title='bbox 842 2040 943 2107; x_wconf 86' lang='lat' dir='ltr'>altera</span> <span class='ocrx_word' id='word_1_112' title='bbox 967 2034 1175 2107; x_wconf 87' lang='lat' dir='ltr'>commenda·</span> 
     </span>
     <span class='ocr_line' id='line_1_15' title="bbox 161 2148 1175 2249; baseline -0.006 -19"><span class='ocrx_word' id='word_1_113' title='bbox 161 2167 302 2241; x_wconf 90' lang='lat' dir='ltr'>tionem,</span> <span class='ocrx_word' id='word_1_114' title='bbox 324 2148 541 2244; x_wconf 64' lang='lat' dir='ltr'>quaminiine</span> <span class='ocrx_word' id='word_1_115' title='bbox 567 2159 737 2244; x_wconf 81' lang='lat' dir='ltr'>praeceptis</span> <span class='ocrx_word' id='word_1_116' title='bbox 757 2162 876 2224; x_wconf 85' lang='lat' dir='ltr'>artium</span> <span class='ocrx_word' id='word_1_117' title='bbox 897 2177 972 2225; x_wconf 86' lang='lat' dir='ltr'>sunt</span> <span class='ocrx_word' id='word_1_118' title='bbox 995 2165 1175 2249; x_wconf 71' lang='lat' dir='ltr'>perpolita,</span> 
     </span>
     <span class='ocr_line' id='line_1_16' title="bbox 159 2278 1174 2366; baseline -0.008 -14"><span class='ocrx_word' id='word_1_119' title='bbox 159 2287 271 2352; x_wconf 87' lang='lat' dir='ltr'>omnis</span> <span class='ocrx_word' id='word_1_120' title='bbox 285 2298 333 2349; x_wconf 90' lang='lat' dir='ltr'>est</span> <span class='ocrx_word' id='word_1_121' title='bbox 343 2304 422 2347; x_wconf 89' lang='lat' dir='ltr'>ame</span> <span class='ocrx_word' id='word_1_122' title='bbox 434 2278 489 2345; x_wconf 87' lang='lat' dir='ltr'>illa</span> <span class='ocrx_word' id='word_1_123' title='bbox 501 2298 769 2366; x_wconf 85' lang='lat' dir='ltr'>caussatractata,</span> <span class='ocrx_word' id='word_1_124' title='bbox 780 2298 817 2350; x_wconf 87' lang='lat' dir='ltr'>ut</span> <span class='ocrx_word' id='word_1_125' title='bbox 825 2300 858 2348; x_wconf 91' lang='lat' dir='ltr'>et</span> <span class='ocrx_word' id='word_1_126' title='bbox 866 2286 1046 2350; x_wconf 86' lang='lat' dir='ltr'>acerrimus</span> <span class='ocrx_word' id='word_1_127' title='bbox 1058 2288 1093 2350; x_wconf 92' lang='lat' dir='ltr'>in</span> <span class='ocrx_word' id='word_1_128' title='bbox 1102 2290 1174 2352; x_wconf 85' lang='lat' dir='ltr'>Cae.</span> 
     </span>
     <span class='ocr_line' id='line_1_17' title="bbox 164 2382 1176 2509; baseline -0.001 -35"><span class='ocrx_word' id='word_1_129' title='bbox 164 2386 274 2499; x_wconf 83' lang='lat' dir='ltr'>pionis</span> <span class='ocrx_word' id='word_1_130' title='bbox 288 2406 412 2471; x_wconf 85' lang='lat' dir='ltr'>invidia</span> <span class='ocrx_word' id='word_1_131' title='bbox 424 2410 623 2490; x_wconf 87' lang='lat' dir='ltr'>renovanda,</span> <span class='ocrx_word' id='word_1_132' title='bbox 635 2406 669 2471; x_wconf 85' lang='lat' dir='ltr'>et</span> <span class='ocrx_word' id='word_1_133' title='bbox 684 2409 719 2471; x_wconf 91' lang='lat' dir='ltr'>in</span> <span class='ocrx_word' id='word_1_134' title='bbox 726 2408 817 2509; x_wconf 31' lang='lat' dir='ltr'>‘meis</span> <span class='ocrx_word' id='word_1_135' title='bbox 825 2382 975 2471; x_wconf 32' lang='lat' dir='ltr'>&#39;moribus</span> <span class='ocrx_word' id='word_1_136' title='bbox 989 2429 1068 2494; x_wconf 77' lang='lat' dir='ltr'>erga</span> <span class='ocrx_word' id='word_1_137' title='bbox 1083 2431 1176 2473; x_wconf 89' lang='lat' dir='ltr'>meos</span> 
     </span>
     <span class='ocr_line' id='line_1_18' title="bbox 164 2529 1177 2613; baseline -0.003 -13"><span class='ocrx_word' id='word_1_138' title='bbox 164 2533 368 2602; x_wconf 74' lang='lat' dir='ltr'>necessarios</span> <span class='ocrx_word' id='word_1_139' title='bbox 381 2531 587 2596; x_wconf 84' lang='lat' dir='ltr'>declarandis</span> <span class='ocrx_word' id='word_1_140' title='bbox 608 2529 892 2594; x_wconf 83' lang='lat' dir='ltr'>mansuetissimus</span> <span class='ocrx_word' id='word_1_141' title='bbox 916 2531 1055 2596; x_wconf 84' lang='lat' dir='ltr'>viderer.</span> <span class='ocrx_word' id='word_1_142' title='bbox 1113 2533 1177 2613; x_wconf 87' lang='lat' dir='ltr'>Ita,</span> 
     </span>
     <span class='ocr_line' id='line_1_19' title="bbox 135 2650 1177 2743; baseline -0.006 -19"><span class='ocrx_word' id='word_1_143' title='bbox 135 2732 141 2743; x_wconf 41' lang='lat'>,</span> <span class='ocrx_word' id='word_1_144' title='bbox 163 2661 271 2743; x_wconf 83' lang='lat' dir='ltr'>inagis</span> <span class='ocrx_word' id='word_1_145' title='bbox 284 2653 408 2718; x_wconf 86' lang='lat' dir='ltr'>affectis</span> <span class='ocrx_word' id='word_1_146' title='bbox 422 2651 542 2713; x_wconf 88' lang='lat' dir='ltr'>animis</span> <span class='ocrx_word' id='word_1_147' title='bbox 551 2650 716 2734; x_wconf 86' lang='lat' dir='ltr'>judicum,</span> <span class='ocrx_word' id='word_1_148' title='bbox 731 2672 828 2734; x_wconf 89' lang='lat' dir='ltr'>quam</span> <span class='ocrx_word' id='word_1_149' title='bbox 841 2653 957 2735; x_wconf 88' lang='lat' dir='ltr'>doctis,</span> <span class='ocrx_word' id='word_1_150' title='bbox 965 2668 1032 2735; x_wconf 89' lang='lat' dir='ltr'>tua,</span> <span class='ocrx_word' id='word_1_151' title='bbox 1047 2654 1177 2740; x_wconf 77' lang='lat' dir='ltr'>Sulpici,</span> 
     </span>
     <span class='ocr_line' id='line_1_20' title="bbox 164 2772 726 2844; baseline -0.012 0"><span class='ocrx_word' id='word_1_152' title='bbox 164 2794 216 2844; x_wconf 83' lang='lat' dir='ltr'>est</span> <span class='ocrx_word' id='word_1_153' title='bbox 230 2804 250 2843; x_wconf 89' lang='lat' dir='ltr'>a</span> <span class='ocrx_word' id='word_1_154' title='bbox 259 2777 355 2839; x_wconf 86' lang='lat' dir='ltr'>nobis</span> <span class='ocrx_word' id='word_1_155' title='bbox 368 2788 440 2836; x_wconf 85' lang='lat' dir='ltr'>tum</span> <span class='ocrx_word' id='word_1_156' title='bbox 453 2772 616 2836; x_wconf 89' lang='lat' dir='ltr'>accusatio</span> <span class='ocrx_word' id='word_1_157' title='bbox 629 2778 726 2839; x_wconf 84' lang='lat' dir='ltr'>victa.</span> 
     </span>
    </p>
   </div>
   <div class='ocr_carea' id='block_1_5' title="bbox 211 2937 1177 3107">
    <p class='ocr_par' dir='ltr' id='par_1_5' title="bbox 211 2937 1177 3107">
     <span class='ocr_line' id='line_1_21' title="bbox 211 2937 1177 3107; baseline 0.003 -19"><span class='ocrx_word' id='word_1_158' title='bbox 211 3028 224 3105; x_wconf 65' lang='lat' dir='ltr'>l</span> <span class='ocrx_word' id='word_1_159' title='bbox 249 3025 290 3088; x_wconf 91' lang='lat' dir='ltr'>L.</span> <span class='ocrx_word' id='word_1_160' title='bbox 307 2937 403 3085; x_wconf 56' lang='lat' dir='ltr'>vHic</span> <span class='ocrx_word' id='word_1_161' title='bbox 417 3019 587 3106; x_wconf 88' lang='lat' dir='ltr'>Sulpitius,</span> <span class='ocrx_word' id='word_1_162' title='bbox 614 3028 703 3091; x_wconf 93' lang='lat' dir='ltr'>Vere</span> <span class='ocrx_word' id='word_1_163' title='bbox 726 3024 869 3097; x_wconf 87' lang='lat' dir='ltr'>hercule,</span> <span class='ocrx_word' id='word_1_164' title='bbox 896 3026 1014 3104; x_wconf 88' lang='lat' dir='ltr'>inquit,</span> <span class='ocrx_word' id='word_1_165' title='bbox 1039 3028 1177 3107; x_wconf 88' lang='lat' dir='ltr'>Antoni,</span> 
     </span>
    </p>
   </div>
   <div class='ocr_carea' id='block_1_6' title="bbox 163 3144 1181 3455">
    <p class='ocr_par' dir='ltr' id='par_1_6' title="bbox 163 3144 1181 3455">
     <span class='ocr_line' id='line_1_22' title="bbox 164 3144 1179 3230; baseline -0.009 -16"><span class='ocrx_word' id='word_1_166' title='bbox 164 3153 231 3214; x_wconf 89' lang='lat' dir='ltr'>ista</span> <span class='ocrx_word' id='word_1_167' title='bbox 243 3165 504 3212; x_wconf 85' lang='lat' dir='ltr'>commemoras:</span> <span class='ocrx_word' id='word_1_168' title='bbox 527 3166 604 3207; x_wconf 85' lang='lat' dir='ltr'>nam</span> <span class='ocrx_word' id='word_1_169' title='bbox 618 3165 680 3227; x_wconf 83' lang='lat' dir='ltr'>ego</span> <span class='ocrx_word' id='word_1_170' title='bbox 694 3144 778 3203; x_wconf 88' lang='lat' dir='ltr'>nihil</span> <span class='ocrx_word' id='word_1_171' title='bbox 803 3161 961 3221; x_wconf 89' lang='lat' dir='ltr'>umquam</span> <span class='ocrx_word' id='word_1_172' title='bbox 983 3145 1066 3219; x_wconf 92' lang='lat' dir='ltr'>vidi,</span> <span class='ocrx_word' id='word_1_173' title='bbox 1090 3151 1179 3230; x_wconf 80' lang='lat' dir='ltr'>quod</span> 
     </span>
     <span class='ocr_line' id='line_1_23' title="bbox 163 3259 1176 3352; baseline -0.01 -14"><span class='ocrx_word' id='word_1_174' title='bbox 163 3285 263 3338; x_wconf 88' lang='lat' dir='ltr'>tame</span> <span class='ocrx_word' id='word_1_175' title='bbox 278 3268 450 3348; x_wconf 84' lang='lat' dir='ltr'>manibus†</span> <span class='ocrx_word' id='word_1_176' title='bbox 466 3266 661 3341; x_wconf 88' lang='lat' dir='ltr'>elaberetur,</span> <span class='ocrx_word' id='word_1_177' title='bbox 675 3279 775 3343; x_wconf 87' lang='lat' dir='ltr'>qnam</span> <span class='ocrx_word' id='word_1_178' title='bbox 798 3259 880 3322; x_wconf 89' lang='lat' dir='ltr'>mihi</span> <span class='ocrx_word' id='word_1_179' title='bbox 905 3273 976 3325; x_wconf 89' lang='lat' dir='ltr'>tum</span> <span class='ocrx_word' id='word_1_180' title='bbox 998 3278 1047 3329; x_wconf 92' lang='lat' dir='ltr'>est</span> <span class='ocrx_word' id='word_1_181' title='bbox 1069 3259 1176 3352; x_wconf 84' lang='lat' dir='ltr'>elapsa</span> 
     </span>
     <span class='ocr_line' id='line_1_24' title="bbox 582 3367 1181 3455; baseline 0.002 -1"><span class='ocrx_word' id='word_1_182' title='bbox 582 3383 618 3445; x_wconf 65' lang='grc' dir='ltr'>»Χ</span> <span class='ocrx_word' id='word_1_183' title='bbox 828 3367 838 3392; x_wconf 69' lang='grc'><strong>’</strong></span> <span class='ocrx_word' id='word_1_184' title='bbox 874 3393 878 3404; x_wconf 89' lang='grc'><strong>”</strong></span> <span class='ocrx_word' id='word_1_185' title='bbox 1125 3389 1181 3455; x_wconf 85' lang='lat' dir='ltr'>illa</span> 
     </span>
    </p>
   </div>
   <div class='ocr_carea' id='block_1_7' title="bbox 194 3627 1175 3705">
    <p class='ocr_par' dir='ltr' id='par_1_7' title="bbox 194 3627 1175 3705">
     <span class='ocr_line' id='line_1_25' title="bbox 194 3627 1175 3705; baseline 0.002 -14"><span class='ocrx_word' id='word_1_186' title='bbox 194 3648 207 3675; x_wconf 71' lang='lat'><em>⁶</em></span> <span class='ocrx_word' id='word_1_187' title='bbox 226 3646 261 3701; x_wconf 90' lang='lat' dir='ltr'>ls,</span> <span class='ocrx_word' id='word_1_188' title='bbox 279 3641 343 3690; x_wconf 83' lang='lat' dir='ltr'>with</span> <span class='ocrx_word' id='word_1_189' title='bbox 353 3649 400 3704; x_wconf 79' lang='lat' dir='ltr'>ego</span> <span class='ocrx_word' id='word_1_190' title='bbox 409 3638 487 3689; x_wconf 87' lang='lat' dir='ltr'>either</span> <span class='ocrx_word' id='word_1_191' title='bbox 496 3632 627 3703; x_wconf 81' lang='lat' dir='ltr'>expressed</span> <span class='ocrx_word' id='word_1_192' title='bbox 637 3652 665 3686; x_wconf 87' lang='lat' dir='ltr'>or</span> <span class='ocrx_word' id='word_1_193' title='bbox 673 3631 828 3696; x_wconf 81' lang='lat' dir='ltr'>understood,</span> <span class='ocrx_word' id='word_1_194' title='bbox 847 3627 1023 3703; x_wconf 63' lang='lat' dir='ltr'>emphaticam</span> <span class='ocrx_word' id='word_1_195' title='bbox 1046 3653 1175 3705; x_wconf 79' lang='lat' dir='ltr'>expresses</span> 
     </span>
    </p>
   </div>
   <div class='ocr_carea' id='block_1_8' title="bbox 151 3743 1183 4427">
    <p class='ocr_par' dir='ltr' id='par_1_8' title="bbox 162 3743 486 3812">
     <span class='ocr_line' id='line_1_26' title="bbox 162 3743 486 3812; baseline -0.028 -13"><span class='ocrx_word' id='word_1_196' title='bbox 162 3743 486 3812; x_wconf 65' lang='lat' dir='ltr'>thetlrstpersonsingular.</span> 
     </span>
    </p>

    <p class='ocr_par' dir='ltr' id='par_1_9' title="bbox 151 3845 1183 4427">
     <span class='ocr_line' id='line_1_27' title="bbox 195 3845 1177 3918; baseline 0.001 -21"><span class='ocrx_word' id='word_1_197' title='bbox 195 3853 211 3914; x_wconf 85' lang='lat'>†</span> <span class='ocrx_word' id='word_1_198' title='bbox 230 3846 297 3918; x_wconf 72' lang='lat' dir='ltr'>Qod</span> <span class='ocrx_word' id='word_1_199' title='bbox 304 3859 359 3898; x_wconf 82' lang='lat' dir='ltr'>tam</span> <span class='ocrx_word' id='word_1_200' title='bbox 368 3865 380 3897; x_wconf 84' lang='lat' dir='ltr'>e</span> <span class='ocrx_word' id='word_1_201' title='bbox 389 3846 499 3899; x_wconf 77' lang='lat' dir='ltr'>manibus</span> <span class='ocrx_word' id='word_1_202' title='bbox 508 3846 632 3900; x_wconf 77' lang='lat' dir='ltr'>elaberetur</span> <span class='ocrx_word' id='word_1_203' title='bbox 642 3868 653 3903; x_wconf 82' lang='lat'>,-</span> <span class='ocrx_word' id='word_1_204' title='bbox 670 3846 756 3896; x_wconf 87' lang='lat' dir='ltr'>which</span> <span class='ocrx_word' id='word_1_205' title='bbox 766 3847 823 3898; x_wconf 81' lang='lat' dir='ltr'>thus</span> <span class='ocrx_word' id='word_1_206' title='bbox 842 3845 938 3917; x_wconf 88' lang='lat' dir='ltr'>slipped</span> <span class='ocrx_word' id='word_1_207' title='bbox 946 3856 988 3898; x_wconf 88' lang='lat' dir='ltr'>out</span> <span class='ocrx_word' id='word_1_208' title='bbox 996 3845 1027 3895; x_wconf 86' lang='lat' dir='ltr'>of</span> <span class='ocrx_word' id='word_1_209' title='bbox 1034 3862 1077 3911; x_wconf 78' lang='lat' dir='ltr'>my</span> <span class='ocrx_word' id='word_1_210' title='bbox 1089 3849 1177 3900; x_wconf 72' lang='lat' dir='ltr'>hande.</span> 
     </span>
     <span class='ocr_line' id='line_1_28' title="bbox 151 3943 1183 4016; baseline -0.001 -16"><span class='ocrx_word' id='word_1_211' title='bbox 151 3943 410 4010; x_wconf 72' lang='lat' dir='ltr'>‘Antoniushadjust</span> <span class='ocrx_word' id='word_1_212' title='bbox 418 3946 585 3996; x_wconf 85' lang='lat' dir='ltr'>toldinwhat</span> <span class='ocrx_word' id='word_1_213' title='bbox 595 3962 702 3999; x_wconf 72' lang='lat' dir='ltr'>muner</span> <span class='ocrx_word' id='word_1_214' title='bbox 710 3949 741 3996; x_wconf 91' lang='lat' dir='ltr'>he</span> <span class='ocrx_word' id='word_1_215' title='bbox 753 3945 804 3996; x_wconf 83' lang='lat' dir='ltr'>had</span> <span class='ocrx_word' id='word_1_216' title='bbox 825 3945 896 3996; x_wconf 87' lang='lat' dir='ltr'>acted</span> <span class='ocrx_word' id='word_1_217' title='bbox 915 3946 954 3997; x_wconf 86' lang='lat' dir='ltr'>his</span> <span class='ocrx_word' id='word_1_218' title='bbox 973 3956 1037 4011; x_wconf 83' lang='lat' dir='ltr'>part,</span> <span class='ocrx_word' id='word_1_219' title='bbox 1056 3950 1133 4016; x_wconf 76' lang='lat' dir='ltr'>when</span> <span class='ocrx_word' id='word_1_220' title='bbox 1151 3951 1183 3999; x_wconf 87' lang='lat' dir='ltr'>hc</span> 
     </span>
     <span class='ocr_line' id='line_1_29' title="bbox 166 4050 1180 4118; baseline -0.005 -15"><span class='ocrx_word' id='word_1_221' title='bbox 166 4050 317 4118; x_wconf 79' lang='lat' dir='ltr'>broughtoff</span> <span class='ocrx_word' id='word_1_222' title='bbox 324 4052 465 4102; x_wconf 79' lang='lat' dir='ltr'>Norbanus.</span> <span class='ocrx_word' id='word_1_223' title='bbox 500 4054 543 4103; x_wconf 85' lang='lat' dir='ltr'>He</span> <span class='ocrx_word' id='word_1_224' title='bbox 553 4064 629 4108; x_wconf 80' lang='lat' dir='ltr'>treats</span> <span class='ocrx_word' id='word_1_225' title='bbox 639 4051 682 4106; x_wconf 81' lang='lat' dir='ltr'>the</span> <span class='ocrx_word' id='word_1_226' title='bbox 691 4051 867 4101; x_wconf 84' lang='lat' dir='ltr'>wholeofthat</span> <span class='ocrx_word' id='word_1_227' title='bbox 887 4052 999 4102; x_wconf 86' lang='lat' dir='ltr'>business</span> <span class='ocrx_word' id='word_1_228' title='bbox 1018 4069 1046 4101; x_wconf 79' lang='lat' dir='ltr'>as</span> <span class='ocrx_word' id='word_1_229' title='bbox 1071 4069 1088 4101; x_wconf 86' lang='lat' dir='ltr'>a</span> <span class='ocrx_word' id='word_1_230' title='bbox 1106 4053 1180 4101; x_wconf 78' lang='lat' dir='ltr'>farre.</span> 
     </span>
     <span class='ocr_line' id='line_1_30' title="bbox 166 4133 1183 4223; baseline -0.005 -17"><span class='ocrx_word' id='word_1_231' title='bbox 166 4157 208 4206; x_wconf 85' lang='lat' dir='ltr'>He</span> <span class='ocrx_word' id='word_1_232' title='bbox 219 4154 355 4213; x_wconf 89' lang='lat' dir='ltr'>concludes,</span> <span class='ocrx_word' id='word_1_233' title='bbox 366 4156 398 4219; x_wconf 83' lang='lat' dir='ltr'>by</span> <span class='ocrx_word' id='word_1_234' title='bbox 410 4155 498 4219; x_wconf 81' lang='lat' dir='ltr'>saying</span> <span class='ocrx_word' id='word_1_235' title='bbox 506 4156 624 4222; x_wconf 79' lang='lat' dir='ltr'>Sulpitius</span> <span class='ocrx_word' id='word_1_236' title='bbox 632 4172 687 4206; x_wconf 76' lang='lat' dir='ltr'>was</span> <span class='ocrx_word' id='word_1_237' title='bbox 697 4154 791 4214; x_wconf 80' lang='lat' dir='ltr'>baffled,</span> <span class='ocrx_word' id='word_1_238' title='bbox 801 4157 884 4222; x_wconf 81' lang='lat' dir='ltr'>magia</span> <span class='ocrx_word' id='word_1_239' title='bbox 903 4153 993 4223; x_wconf 71' lang='lat' dir='ltr'>affictis</span> <span class='ocrx_word' id='word_1_240' title='bbox 1011 4157 1102 4207; x_wconf 66' lang='lat' dir='ltr'>anim</span> <span class='ocrx_word' id='word_1_241' title='bbox 1114 4133 1183 4222; x_wconf 74' lang='lat' dir='ltr'>judi·</span> 
     </span>
     <span class='ocr_line' id='line_1_31' title="bbox 167 4247 1182 4324; baseline -0.001 -21"><span class='ocrx_word' id='word_1_242' title='bbox 167 4270 231 4318; x_wconf 77' lang='lat' dir='ltr'>cum,</span> <span class='ocrx_word' id='word_1_243' title='bbox 242 4271 316 4318; x_wconf 80' lang='lat' dir='ltr'>quam</span> <span class='ocrx_word' id='word_1_244' title='bbox 324 4254 401 4304; x_wconf 71' lang='lat' dir='ltr'>doctis.</span> <span class='ocrx_word' id='word_1_245' title='bbox 437 4255 555 4320; x_wconf 73' lang='lat' dir='ltr'>Sulpicius</span> <span class='ocrx_word' id='word_1_246' title='bbox 567 4255 642 4324; x_wconf 84' lang='lat' dir='ltr'>keeps</span> <span class='ocrx_word' id='word_1_247' title='bbox 651 4270 684 4324; x_wconf 89' lang='lat' dir='ltr'>up</span> <span class='ocrx_word' id='word_1_248' title='bbox 692 4258 735 4307; x_wconf 85' lang='lat' dir='ltr'>the</span> <span class='ocrx_word' id='word_1_249' title='bbox 744 4259 843 4318; x_wconf 87' lang='lat' dir='ltr'>humor,</span> <span class='ocrx_word' id='word_1_250' title='bbox 856 4253 905 4309; x_wconf 80' lang='lat' dir='ltr'>and</span> <span class='ocrx_word' id='word_1_251' title='bbox 916 4269 981 4321; x_wconf 77' lang='lat' dir='ltr'>says,</span> <span class='ocrx_word' id='word_1_252' title='bbox 992 4256 1035 4304; x_wconf 89' lang='lat' dir='ltr'>the</span> <span class='ocrx_word' id='word_1_253' title='bbox 1043 4264 1116 4302; x_wconf 81' lang='lat' dir='ltr'>cause</span> <span class='ocrx_word' id='word_1_254' title='bbox 1131 4247 1182 4307; x_wconf 73' lang='lat' dir='ltr'>had</span> 
     </span>
     <span class='ocr_line' id='line_1_32' title="bbox 170 4333 505 4427; baseline -0.018 -19"><span class='ocrx_word' id='word_1_255' title='bbox 170 4333 263 4427; x_wconf 62' lang='lat' dir='ltr'>suppa</span> <span class='ocrx_word' id='word_1_256' title='bbox 273 4353 505 4410; x_wconf 72' lang='lat' dir='ltr'>outorussann,</span> 
     </span>
    </p>
   </div>
   <div class='ocr_carea' id='block_1_9' title="bbox 0 0 1387 4950">
    <p class='ocr_par' dir='ltr' id='par_1_10' title="bbox 0 0 1387 4950">
     <span class='ocr_line' id='line_1_33' title="bbox 0 0 1387 4950; baseline 0 0"><span class='ocrx_word' id='word_1_257' title='bbox 0 0 1387 4950; x_wconf 95' lang='lat' dir='ltr'> </span> 
     </span>
    </p>
   </div>
  </div>
 </body>
</html>
