2742 4950
160 298 206 383 “92
465 270 893 372 hrotsteni:

162 473 319 548 oratione,
341 472 513 535 Summum
532 469 616 535 illud
632 473 755 535 bonum
768 474 802 535 in
815 474 966 539 animone
990 479 1045 557 sit,
1069 499 1110 543 an
1131 480 1192 543 in.
1270 544 1272 547 ,

161 618 294 683 corpore
309 621 319 670 ς
340 596 473 675 virtute,
486 616 528 658 an
540 597 705 683 voluptate
721 600 915 676 definiatur3
942 624 983 667 an
995 602 1071 672 haec
1083 607 1170 675 inter
1256 634 1260 639 ·

160 747 194 789 se
214 724 310 813 jungi
335 724 544 808 copularique
571 725 720 809 possint3
745 749 784 789 an
805 750 894 810 vero,
918 744 954 794 ut
968 733 1169 816 quibusdam

157 841 276 947 visum,
297 840 380 905 nihil
393 856 517 933 certum
530 840 618 918 sciri,
630 844 713 907 nihil
725 845 818 929 plane
830 849 980 933 cognosci
993 863 1026 913 et
1038 850 1173 947 percipi

156 962 285 1046 possit3
308 985 446 1048 quarum
466 985 575 1030 rerum
595 964 698 1031 fateor
716 988 870 1054 magnam
883 969 1166 1055 multiplicemque
1246 1042 1253 1045 ,

158 1104 230 1147 esse
244 1083 462 1168 disciplinam,
475 1098 508 1150 et
520 1084 650 1165 multus,
663 1087 810 1171 copiosas
823 1074 994 1174 variasque
1008 1090 1166 1179 rationes.

161 1184 227 1272 Sed
252 1207 341 1271 aliud
365 1208 532 1298 quiddam,
557 1210 655 1295 longe
683 1206 784 1288 aliud,
811 1209 943 1290 Crasse,
969 1212 1168 1294 querimus:

159 1298 254 1392 acuto
268 1326 399 1410 homine
412 1325 505 1388 nobis
525 1346 606 1409 opus
628 1341 690 1405 est,
714 1342 748 1391 et
770 1344 885 1394 natura
899 1353 1025 1415 usuque
1040 1333 1172 1421 callido,

158 1455 214 1539 qui
228 1452 388 1539 sagaciter
403 1450 614 1535 pervestiget,
632 1450 712 1535 quid
726 1451 776 1513 sui
791 1453 891 1530 cives,
906 1424 994 1543 iique
1008 1455 1173 1535 homines,
1192 1516 1195 1532 ,

158 1574 275 1658 quibus
301 1574 426 1657 aliquid
440 1573 580 1637 dicendo
593 1576 789 1658 persuadere
802 1574 893 1655 velit,
917 1574 1074 1660 cogitent,
1097 1596 1172 1635 sen·
1230 1562 1237 1573 ’

157 1697 251 1776 tiant,
264 1670 448 1781 opinentur,
462 1710 644 1783 expectent.

202 1870 217 1947 l
241 1870 322 1934 L11.
367 1872 496 1935 Teneat
509 1881 636 1955 oportet
648 1890 747 1933 venas
762 1872 918 1957 cujusque
932 1869 1073 1953 generis,
1096 1883 1168 1945 ata-

156 1992 212 2068 tis,
226 1992 351 2052 ordinis
367 2016 375 2063 ;
399 2004 569 2069 eteorum,
595 1991 682 2075 apud
696 2009 777 2072 quos
791 1991 916 2074 aliquid
929 1989 1008 2074 agit,
1035 2002 1091 2052 aut
1103 1986 1168 2053 erit

158 2126 299 2201 acturus,
332 2125 458 2183 mentes
485 2135 662 2198 sensusque
689 2119 865 2201 degustetz
900 2116 1171 2201 philosophorum

156 2250 268 2301 sutem
290 2234 391 2298 libros
413 2251 558 2331 reservet
582 2238 645 2301 sibi
667 2241 709 2302 ad
732 2239 964 2323 hujuscemodi
989 2240 1171 2306 Tusculani

154 2359 307 2445 requiem
320 2372 419 2441 atque
429 2357 546 2438 otium,
565 2380 619 2436 ne,
639 2357 800 2440 siquando
815 2359 845 2418 ei
859 2359 1036 2426 dicendum
1049 2363 1112 2426 erit
1127 2364 1171 2429 de

154 2482 285 2569 justitia
298 2494 331 2545 et
344 2480 421 2560 fide,
444 2494 611 2545 mutuetur
633 2504 653 2544 a
666 2468 825 2555 Platone;
846 2479 916 2563 qui,
940 2501 1016 2546 cum
1029 2482 1169 2562 haecex-
1246 2481 1249 2485 “
1272 2455 1275 2459 .

157 2606 328 2689 primenda
340 2604 449 2670 verbis
462 2606 685 2684 arbitraretur,
707 2623 826 2666 novam
839 2604 1001 2685 quandam
1016 2606 1109 2672 finxit
1131 2608 1169 2673 in

156 2729 250 2794 libris
264 2728 450 2802 civitatem:
475 2723 576 2811 usque
590 2750 629 2791 eo
651 2728 718 2807 illa,
742 2750 813 2811 quae
829 2728 968 2818 dicenda
987 2732 1028 2794 de
1038 2730 1168 2816 justitia

157 2847 302 2934 putabat,
328 2870 348 2910 a
368 2849 444 2911 vitae
469 2847 701 2911 consuetudine
725 2858 758 2909 et
784 2867 803 2907 a
827 2846 998 2909 civitatum
1021 2835 1169 2914 mdribus

159 2967 384 3032 abhorrebant.
430 2963 572 3060 Quodsi
593 2983 633 3027 ea
651 2961 865 3046 probarentur
883 2960 917 3022 in
929 2960 1057 3043 populis
1069 2976 1168 3044 atque

157 3094 194 3156 in
208 3093 405 3172 civitatibus,
419 3092 492 3175 quis
505 3090 578 3170 tibi,
596 3088 730 3182 litasse,
743 3084 968 3163 concessisset,
982 3083 1168 3148 clarissimo
1233 3115 1236 3118 ·

158 3215 231 3277 viro
252 3207 500 3296 et'arnplissimo
514 3210 652 3297 principi
678 3205 831 3289 civitatis,
854 3219 891 3270 ut
914 3206 969 3269 illa
982 3205 1109 3272 diceres
1131 3206 1168 3269 in

157 3335 302 3402 maxima
320 3337 475 3399 concione
488 3349 620 3399 tuorum
633 3333 768 3412 civium,
782 3353 855 3418 quae
869 3331 1008 3396 dixisti?
1040 3332 1170 3420 Eripite
1256 3324 1258 3326 ⁵
1351 3319 1354 3324 ⁴

157 3484 215 3530 nos
229 3483 268 3526 ex
281 3458 429 3544 miseriis,
453 3458 563 3547 eripite
577 3482 633 3525 nos
654 3436 693 3526 erc
712 3459 809 3544 sauci
817 3457 879 3523 bus
894 3480 1011 3530 eorum,
1036 3478 1171 3546 quorum

159 3581 328 3652 erudelitas
348 3590 463 3646 'nostro
494 3582 652 3665 sanguine
684 3601 747 3644 non
764 3587 870 3664 potest
895 3576 1038 3660 expleri:
1062 3571 1168 3638 nolite

158 3700 332 3764 simreoos
344 3698 490 3786 cuiquam
506 3702 641 3775 servire,
665 3698 731 3765 nisi
749 3693 834 3762 vobis
851 3692 1024 3765 universis,
1051 3690 1165 3779 quibus

159 3823 190 3881 rt
203 3827 371 3905 possumus
383 3818 604 3884 adelericus*
639 3809 776 3882 Omitto
789 3814 944 3893 miserias,
968 3810 1003 3873 in
1026 3810 1160 3893 quibus,

1125 3945 1163 3995 ut

186 4111 201 4141 '
220 4114 577 4181 Eripiunorexmircriinlrc.
612 4112 799 4166 Thescarethe
807 4107 890 4161 words
901 4111 932 4160 of
953 4090 1071 4166 crassus,
1090 4108 1116 4157 in
1135 4123 1167 4158 aa

158 4225 254 4273 oration
265 4223 348 4274 which
356 4226 389 4274 he
399 4220 555 4291 pronouuced
562 4220 646 4274 before
658 4224 700 4273 the
708 4219 802 4287 people,
813 4232 879 4284 upon
891 4216 1044 4273 adherente
1059 4216 1169 4267 between
1205 4195 1210 4206 ⁵

42 4361 49 4370 ·
155 4327 438 4390 thesenatoraandthe
448 4327 559 4395 knights.
1133 4322 1158 4372 lt
