2742 4950
185 347 237 418 3²4
478 338 905 445 »soreres-1

191 512 391 604 pergraviter
401 508 635 593 reprehendere
648 509 782 588 solebat,
794 510 931 592 quodie,
953 510 994 570 L.
1020 504 1198 574 Scribonio

190 633 399 718 quaestionem
412 629 446 692 in
460 629 674 708 eumferenti,
700 628 810 715 populi
833 629 1097 692 misericordiam
1120 653 1202 694 con·

191 764 335 840 citasset,
350 780 426 822 cum
440 758 493 821 Μ.
506 758 599 837 Cat0,
614 757 726 828 Galbae
737 757 844 843 gravis
865 770 960 839 atque
987 776 1061 818 acer
1086 755 1207 821 inimi·

165 904 170 922 ²
188 907 257 964 cus,
271 860 381 967 aspere
398 883 483 965 apud
495 880 651 964 populum
667 879 854 942 Romanum
867 891 899 942 et
910 876 1119 941 vehementer
1145 893 1206 936 es·

188 1004 398 1078 setlocutus;
421 1024 520 1085 quam
534 1002 716 1064 orationem
728 1002 763 1064 in
785 1001 978 1087 Originibus
1003 999 1072 1061 suis
1099 1014 1210 1080 expo·
1275 1062 1283 1085 ‚

189 1129 256 1193 cuit
269 1095 348 1211 ipse.
393 1124 663 1210 Reprehendebat
675 1123 776 1208 igitur
788 1125 925 1188 Galbam
934 1122 1091 1201 Rutilius,
1105 1122 1207 1203 quod

190 1247 410 1332 is'CiSulpitii
420 1247 519 1322 Galli,
533 1218 707 1328 propinqui
716 1245 779 1318 sui,
792 1243 839 1319 Q.
849 1245 1006 1329 pupillum
1014 1245 1116 1307 filium
1126 1243 1208 1327 ipse

188 1390 278 1453 paene
289 1366 490 1428 'innumeros
513 1375 588 1422 suos
613 1359 795 1433 extulisset,
813 1365 879 1443 ‘qui
903 1365 1005 1445 patris
1022 1360 1209 1428 ¹clarissimi

190 1490 414 1554 recordatione
429 1500 462 1548 et
474 1486 635 1549 memoria
648 1488 760 1550 fletum
771 1486 891 1571 populo
905 1503 1064 1561 moveret,
1078 1489 1207 1551 &duos

188 1619 272 1684 filios
293 1636 368 1680 suos
389 1633 505 1698 parvos
528 1611 636 1677 tutelae
657 1611 768 1696 populi
793 1611 1064 1687 commendasset,
1088 1630 1125 1670 ac
1151 1629 1205 1686 se,

186 1755 354 1823 tamquam
376 1738 409 1800 iu
430 1734 598 1819 procinctu
617 1742 849 1799 testamentum
863 1733 998 1808 faceret,
1022 1734 1093 1796 siue
1113 1727 1232 1796 libra,

190 1882 285 1951 atque
316 1865 435 1929 tabulis
460 1864 617 1948 populum
649 1864 836 1925 Romanum
850 1877 1003 1946 ¹tutorem
1027 1865 1209 1951 instituere

190 1986 329 2048 dixisset
342 1985 473 2046 illorum
492 1982 634 2046 orbitati.
680 1983 792 2065 Itaque
807 2005 882 2047 cum
896 1999 929 2048 et
939 1985 1065 2049 invidia
1074 2002 1108 2051 et
1117 1992 1206 2054 odio

186 2103 297 2185 populi
310 2117 381 2163 tum
394 2104 724 2185 Galbapremeretur,
737 2108 788 2170 his
803 2081 1020 2193 quoquebeum
1033 2117 1205 2200 tragoediis

185 2221 360 2287 liberatum
371 2215 517 2287 ferebat:
543 2226 632 2305 quod
646 2227 727 2288 item
751 2232 837 2313 apud
861 2234 1022 2300 Catonem
1041 2240 1205 2323 scriptum
1238 2212 1246 2263 4

188 2371 260 2414 esse
271 2351 382 2425 video,
407 2351 472 2414 nisi
480 2340 594 2436 pueris
607 2364 638 2413 et
646 2348 805 2434 ¹lacrymis·
813 2370 892 2416 usae
903 2369 995 2434 esset,
1007 2378 1119 2446 panae
1132 2387 1208 2432 enm

177 2464 467 2563 daturumsuiseet'
487 2474 568 2536 Haec
580 2471 725 2538 Rutilius
736 2473 832 2538 valde
846 2475 1061 2562 vituperabat,
1076 2499 1111 2546 et
1121 2487 1207 2555 huic

109 2617 114 2628 ·
176 2585 367 2665 *hnmilitati
376 2600 505 2665 dicebat
518 2599 570 2663 vel
584 2598 737 2662 exsilium
747 2599 862 2673 fuisse,
885 2605 940 2666 vel
953 2619 1093 2671 mortem
1108 2625 1203 2677 ante.

187 2720 382 2803 ponendam.
429 2722 548 2803 Neque
562 2740 640 2784 vero
664 2722 727 2782 hoc
749 2724 857 2784 solum
878 2725 974 2803 dixit,
1000 2730 1058 2791 sed
1071 2730 1141 2813 ipse
1167 2745 1205 2795 et

190 2842 291 2905 sensit
303 2827 335 2905 et
347 2817 447 2907 fecit:
471 2857 558 2916 nam,
585 2862 659 2902 eum
680 2855 766 2905 esset
789 2844 842 2906 ille
864 2847 917 2905 vir
938 2847 1140 2932 exemplum,
1168 2862 1208 2911 ut

189 2960 291 3039 scitis,
312 2943 517 3037 innocentiae,
540 2980 678 3040 cumque
697 2953 761 3021 illo
787 2984 885 3026 nemo
908 2985 1015 3048 neque
1040 2968 1206 3053 integrior

188 3097 274 3147 esset
288 3083 321 3146 in
335 3085 466 3147 civitate
479 3103 585 3165 neque
598 3083 751 3162 sanctior,
765 3105 831 3146 non
844 3087 945 3149 modo
960 3087 1095 3170 supplex
1107 3089 1206 3173 judi.

188 3212 280 3274 cibus
293 3231 363 3274 esse
375 3206 492 3279 noluit,
516 3205 575 3270 scd
596 3226 636 3267 ne
658 3206 803 3268 ornatius
818 3204 962 3288 'quidem
985 3223 1041 3271 aut
1059 3209 1204 3275 liberius

117 3322 124 3331 ’
186 3347 336 3420 caussam
348 3326 414 3387 dici
429 3348 533 3397 suam,
553 3347 650 3406 quam
660 3328 799 3412 simplex
806 3329 891 3392 ratio
903 3331 1052 3394 veritatis
1065 3331 1201 3396 ferebat.

188 3445 339 3509 Paullum
361 3441 437 3504 huic
459 3441 559 3504 Cottae
584 3444 700 3508 tribuit
710 3449 864 3529 partium,
887 3425 1108 3516 disertissimo
1122 3458 1203 3518 ado-

184 3566 334 3644 lescenti,
360 3564 481 3629 sororis
495 3586 559 3630 suae
584 3566 661 3629 filio.
710 3568 809 3630 Dixit
832 3571 911 3632 item
938 3579 1084 3635 caussam
1109 3576 1202 3643 illam

185 3691 326 3773 quadam
347 3700 491 3769 exparte
507 3688 549 3762 Q.
565 3690 696 3752 Mutius
720 3671 812 3783 more
827 3711 899 3768 su0,
924 3694 1015 3755 nullo
1030 3717 1200 3781 apparatu,

155 3882 157 3888 Α
186 3829 265 3894 pure
280 3821 313 3872 et
328 3806 482 3870 dilucide.
529 3808 628 3882 Quod
640 3810 667 3871 si
679 3823 716 3873 tu
726 3822 815 3888 tunc,
831 3811 960 3887 Crasse,
972 3815 1127 3897 dixisses,
1140 3827 1198 3907 qui

132 4003 136 4012 ,
185 3931 369 3995 subsidium
380 3932 503 3994 oratori
516 3955 557 4002 cx
571 3932 635 3994 illis
649 3932 934 4017 disputationibus,
956 3942 1075 4023 quibus
1093 3949 1199 4030 philo.

186 4049 279 4139 sophi
292 4065 438 4133 utuntur,
465 4057 505 4121 ad
520 4055 652 4121 dicendi
667 4056 793 4145 copiam
806 4064 983 4145 petendum
1006 4089 1077 4156 esse
1089 4076 1197 4159 paullo

817 4184 820 4188 ’
1109 4189 1191 4289 -Ψῑὲ

271 4361 277 4390 1
