2742 4950
489 409 784 489 Lrsnnll.
831 422 861 475 8.
1123 422 1181 481 121

170 604 339 683 putamus,
363 600 459 679 atque
481 607 522 650 eo
540 582 658 672 magis,
670 578 763 671 quod
774 578 862 657 nulla
872 579 955 659 mihi
967 581 1186 663 ostentatione

175 708 297 793 yideris
312 728 382 779 esse
394 725 537 777 usurus:
560 719 699 771 exorsus
711 717 746 783 es
759 695 846 773 enirn
858 718 923 761 non
944 696 1098 783 gloriose,
1120 721 1187 764 ma.
1233 748 1236 753 ,

169 808 291 925 gisque
306 833 359 916 (pt
371 839 409 897 tu
418 822 545 917 putam)
573 817 755 905 pueritate,
777 837 907 917 quamn
916 818 1027 893 neseio
1040 840 1104 901 qua
1116 817 1187 905 dig·

162 949 286 1021 nitate.
331 948 384 1015 Ut
397 944 498 1033 igitur
511 942 550 1011 de
565 940 635 1027 ipso
651 958 768 1024 genere
791 957 865 999 sum
879 936 1057 1015 confessus,
1071 938 1188 1021 inquit,

172 1067 356 1148 Antonius,
380 1081 485 1131 artem
508 1082 660 1130 essenon
672 1060 853 1155 maximam
866 1084 875 1131 ;
898 1060 946 1120 sic
959 1057 1040 1121 illud
1054 1059 1187 1134 affirmo,

104 1174 106 1178 ’
170 1152 341 1276 praecepta
362 1210 458 1272 posse
472 1185 625 1267 quaedam
638 1180 711 1242 dari
724 1191 879 1262 peracuta
892 1180 933 1243 ad
945 1180 1189 1263 pertractandos

21 1374 22 1385 ἵ
101 1336 109 1351 ,
168 1304 502 1380 animoshom'qnum,
524 1316 556 1364 et
577 1297 840 1381 adexcipiendas
864 1317 979 1363 eorum
993 1300 1189 1364 voluntates.

172 1416 293 1517 Hujus
318 1425 367 1489 rei
393 1423 562 1509 scientiam
589 1422 617 1487 si
637 1421 712 1505 quis
737 1420 825 1493 volet
848 1441 1001 1505 magnam
1028 1425 1193 1508 quandam

164 1563 284 1635 ⁴artem
296 1568 365 1630 esse
378 1546 502 1620 dicere,
515 1565 581 1617 non
591 1543 781 1628 ,repugnabo
795 1566 802 1605 :
818 1544 939 1623 etenim
955 1568 1029 1608 curn
1043 1546 1190 1631 plerique
1239 1560 1245 1571 “

169 1681 307 1745 ,temere
321 1687 358 1728 ac
371 1665 460 1741 nulla
472 1663 597 1747 ratione
610 1682 740 1737 caussas
763 1661 796 1722 in
810 1661 881 1724 foro
896 1664 1019 1743 dicant,
1043 1665 1191 1728 nonnulli

157 1806 286 1863 xautern
309 1802 442 1879 propter
463 1773 745 1865 exercitatio-nem,
771 1798 826 1865 aut
840 1801 971 1870 propter
985 1789 1193 1852 consuetudi-

171 1935 251 1989 nem
265 1915 407 1998 aliquam
422 1912 571 1976 callidius
587 1911 622 1974 id
636 1908 769 1991 faciant,
788 1929 855 1969 non
868 1923 919 1969 est
930 1909 1078 1988 dubium,
1100 1909 1191 1991 quin,

171 2040 200 2119 si
213 2036 290 2121 quis
301 2032 579 2112 animadverterit,
593 2030 674 2115 quid
691 2031 745 2109 sit,
760 2050 859 2113 quare
875 2031 929 2094 alii
943 2032 1072 2111 melius,
1086 2055 1186 2116 quam

89 2206 90 2209 η
173 2156 234 2235 alii
247 2158 370 2234 dicant,
383 2156 419 2217 id
431 2154 534 2237 possit
545 2167 669 2215 notare.
719 2152 810 2236 Ergo
824 2151 859 2214 id
873 2150 928 2233 qui
939 2165 1010 2214 toto
1025 2152 1059 2215 in
1073 2176 1190 2238 genere

99 2272 103 2281 ⁵
178 2274 312 2363 fecerit,
322 2280 364 2361 is,
378 2280 406 2343 si
420 2301 483 2342 non
493 2281 586 2365 plane
596 2294 716 2359 artem,
738 2293 770 2341 at
784 2278 877 2361 quasi
902 2291 1007 2342 artem
1028 2282 1193 2362 quandam

179 2407 353 2494 invenerit.
400 2406 512 2489 Atque
525 2405 664 2484 utinam,
678 2417 716 2466 ut
728 2405 811 2469 rnihi
824 2405 882 2478 illa
894 2405 1009 2471 videre
1023 2405 1138 2473 videor
1158 2409 1192 2473 in

172 2533 252 2620 Jforo
264 2552 360 2616 atque
375 2529 561 2620 incaussis,
575 2526 622 2588 ita
633 2546 732 2602 nunc,
755 2528 1034 2607 quemadmodum
1048 2552 1087 2593 ea
1099 2553 1192 2621 repe·

176 2637 342 2746 nitentur,
354 2673 493 2744 ‚possem
519 2648 615 2710 vobis
639 2669 799 2732 exponere
814 2650 822 2714 !
851 2621 915 2718 Sed
928 2654 969 2717 de
984 2675 1037 2718 me
1051 2655 1168 2720 videro
1181 2680 1191 2722 ι

176 2797 267 2838 nunc
290 2774 357 2834 hoc
379 2777 536 2853 propensu,
561 2768 650 2851 quod
673 2770 754 2833 mihi
778 2771 938 2854 persuasi,
964 2773 1125 2850 Quamvis
1139 2799 1191 2850 ars

177 2892 317 2971 nonsit,
343 2904 452 2974 tamen
473 2890 556 2958 nihil
579 2915 649 2956 esse
672 2892 971 2976 perfectooratore
995 2897 1193 2983 praeclarius.

180 3016 219 3084 N
220 3037 285 3094 am,
297 3024 333 3078 ut
342 3034 439 3080 usum
453 3013 584 3079 dicendi
606 3015 770 3094 omittam,
795 3016 900 3098 quiin
914 3017 1004 3077 omni
1024 3033 1139 3099 pacata
1162 3031 1196 3090 et

178 3134 286 3200 libera
306 3133 438 3198 civitate
452 3134 651 3215 dominatur,
676 3149 768 3199 tanta
792 3133 967 3198 oblectatio
995 3147 1044 3195 est
1068 3137 1103 3198 in
1125 3138 1197 3218 ipsa

180 3257 336 3320 facrdtate
364 3255 507 3348 dicendi,
536 3271 574 3324 ut
598 3256 682 3320 nihil
704 3254 877 3318 hominum
900 3265 958 3320 aut
982 3254 1114 3320 auribus
1141 3270 1197 3348 apt

183 3377 348 3456 mentibus
376 3369 554 3472 juemdius
577 3377 702 3464 percipi
726 3375 852 3459 possit:
889 3376 946 3461 qui
971 3378 1060 3454 enim
1086 3392 1199 3444 cantus

181 3498 394 3568 moderate*
428 3501 584 3565 orationis
610 3501 873 3586 pronuntiatione
907 3500 1034 3568 dulcior
1057 3500 1197 3564 inveniri

176 3620 318 3705 potest?
341 3620 431 3702 quod
446 3642 576 3696 carmen
597 3621 774 3686 artificiosa
793 3579 969 3686 verboruin
993 3621 1198 3692 conclusione

186 3745 320 3827 aptius?
344 3745 401 3830 qui
413 3761 504 3826 actor
518 3748 552 3810 in
569 3747 740 3827 imitanda,
764 3770 862 3834 quarn
876 3761 986 3811 orator
1005 3747 1039 3809 in
1063 3750 1199 3838 suscipi·

182 3871 271 3934 enda
295 3868 435 3932 veritate
456 3868 659 3957 jucundior?
694 3872 775 3956 quid
788 3882 896 3936 autem
910 3869 1072 3948 subtilius,
1099 3892 1198 3953 quam

365 3991 367 3994 ’
425 3988 459 4063 Q
945 4030 949 4034 -
1093 4006 1194 4056 acutae

216 4156 230 4186 ⁴
249 4161 506 4224 Moderataeorationr’e,
525 4162 556 4213 of
568 4179 584 4213 a
600 4167 699 4232 regulam
717 4179 746 4213 or
760 4167 859 4233 elegant
869 4161 1000 4217 discornse.

218 4260 348 4318 Moderata
365 4267 386 4314 is
397 4243 529 4333 explained
537 4266 563 4314 in
572 4265 646 4316 Book
656 4269 678 4318 1.
690 4269 756 4318 Seot.
768 4271 829 4321 LX.
864 4267 1007 4340 Adstrictus
1017 4271 1084 4314 certa
1094 4229 1202 4327 quadam

184 4379 347 4419 numerorum
358 4370 526 4434 moderatione
537 4379 561 4420 et
571 4368 672 4436 pedum.
707 4372 755 4422 See
767 4374 820 4423 also
828 4368 902 4422 Book
913 4370 963 4420 111.
977 4371 1042 4419 Seet.
1055 4365 1169 4421 XLVll.
