2742 4950
487 361 693 429 errn
737 362 784 426 Η.
831 368 861 427 1.
1124 371 1182 429 111

179 534 261 599 ticis
268 529 412 615 testibus,
424 542 527 615 patre,
541 544 578 595 et
589 530 629 593 C.
645 529 814 594 Aculeone
824 521 1006 614 propinquo
1013 540 1138 611 nostro,
1151 541 1186 594 et

183 653 227 715 L.
245 653 399 717 Cicerone
413 664 542 735 patruo,
564 651 749 714 solebamus
766 673 773 721 ;
795 649 885 730 quod
896 650 936 713 de
951 648 1073 712 Crasso
1085 664 1189 734 pater,

179 772 350 845 etAculeo
363 777 523 862 (quocum
533 781 603 832 erat
610 781 722 831 nostra
731 766 930 851 matertera,)
944 788 1040 849 quem
1049 769 1189 835 Crassus

176 891 296 959 dilexit
309 915 359 980 ex
370 894 524 956 omnibus
538 889 729 975 plurimum,
746 900 778 952 et
791 900 938 970 patruus,
953 892 1016 981 ‘qui
1030 912 1104 956 cum
1117 894 1190 958 An·

175 1010 269 1077 tonio
285 1011 320 1073 in
334 1010 489 1074 Ciliciam
500 1009 665 1095 proiectus
679 1027 745 1070 una
757 1006 955 1084 decesserat,
980 1009 1083 1075 multa
1093 1013 1189 1077 nobis

172 1135 212 1198 de
227 1134 302 1220 ejus
316 1135 427 1200 strrdio
440 1133 655 1211 doctrinaque
678 1148 765 1211 saepe
777 1127 945 1191 narravit:
970 1150 1110 1213 cumque
1128 1153 1189 1197 nos

172 1274 252 1319 cum
266 1253 473 1317 consobrinis
486 1248 621 1327 nostris,
647 1247 828 1310 Aculeonis
850 1248 937 1327 filiis,
957 1262 990 1315 et
1000 1271 1040 1314 ea
1051 1251 1192 1318 discere·
1267 1255 1272 1265 '

174 1395 269 1451 mus,
284 1394 356 1455 quae
371 1372 490 1436 Crasso
504 1375 677 1458 placerent,
702 1382 735 1431 et
746 1367 784 1432 ab
799 1369 839 1433 iis
851 1371 1051 1453 doctoribus,
1074 1373 1192 1457 quibus

175 1493 235 1556 ille
249 1506 408 1572 uteretur,
431 1494 649 1572 erudiremur,
669 1492 769 1557 etiam
783 1492 863 1559 illud
876 1515 959 1578 saepe
974 1495 1192 1562 intelleximus

175 1622 273 1704 (cum
286 1636 435 1681 essemus
449 1615 627 1725 ejpsmodi,
653 1616 742 1698 quod
754 1615 807 1680 vel
818 1616 911 1698 pueri
932 1617 1052 1682 sentire
1065 1631 1191 1703 potera-

168 1739 272 1823 mus,)
298 1739 391 1803 illum
410 1753 444 1802 et
458 1741 575 1804 Graece
597 1738 645 1801 sic
655 1737 759 1822 loqui,
784 1738 908 1803 nullam
920 1753 1065 1806 utnosse
1086 1744 1187 1808 aliam

176 1861 326 1950 linguam
346 1866 528 1940 videretur,
553 1878 587 1927 et
600 1863 791 1927 doctoribus
812 1863 934 1926 nostris
957 1885 996 1928 ea
1014 1884 1136 1947 ponere
1158 1864 1194 1926 in
1296 1922 1299 1927 .

174 1986 434 2064 percunctando,
456 2008 558 2071 eaque
580 1987 690 2070 ipsum
712 1983 803 2077 omni
826 1983 860 2046 in
877 2002 1028 2047 sermone
1042 1994 1193 2061 tractare,

23 2098 24 2111 ¹
97 2142 101 2156 ·
177 2123 215 2172 ut
228 2111 314 2177 nihil
326 2132 399 2177 esse
412 2112 444 2174 ei
461 2131 596 2185 novum,
619 2110 703 2182 nihil
717 2109 902 2172 inauditum
915 2108 1092 2173 videretur.
1138 2110 1193 2193 De

175 2230 328 2298 Antonio
340 2251 432 2310 vero,
458 2253 655 2316 quamquam
669 2253 755 2318 saepe
771 2253 813 2294 ex
825 2228 1062 2297 humanissimo
1085 2228 1192 2327 borni·
1269 2292 1276 2303 ,

171 2368 226 2424 ne,
248 2364 364 2435 patruo
378 2365 502 2429 nostro,
524 2375 769 2438 acceperamus,
782 2351 1059 2436 quemadmodum
1070 2351 1124 2418 ille
1138 2353 1193 2418 vel

181 2474 329 2541 Athenis
335 2480 386 2545 vel
396 2480 509 2545 Rhodi
523 2503 559 2543 se
573 2479 842 2544 doctissimorum
851 2479 1023 2543 hominum
1035 2447 1193 2546 {ermoni-

173 2598 237 2664 bus
252 2602 400 2665 dedisset
412 2630 422 2677 ;
442 2615 554 2667 tamen
566 2601 636 2683 ipse
650 2599 920 2681 adolescentulus,
933 2615 1090 2686 quantum
1103 2602 1191 2686 illius

176 2720 324 2789 ineuntis
337 2723 444 2784 aetatis
456 2740 536 2783 meae
550 2718 731 2802 patiebatur
740 2721 856 2806 pudor,
879 2723 983 2788 multa
1000 2743 1095 2789 exeo
1107 2745 1194 2809 saepe

180 2839 335 2923 quaesivi.
367 2839 461 2901 'Non
481 2839 546 2901 erit
554 2840 702 2924 profecto
714 2842 788 2919 tibi,
812 2843 903 2928 quod
916 2842 1035 2920 scribo,
1058 2844 1122 2909 hoc
1135 2865 1194 2908 no-

170 2983 277 3028 vum:
298 2980 374 3025 nam
394 2960 467 3046 jam
492 2972 563 3023 tum
585 2982 627 3025 ex
649 2981 702 3025 me
724 2964 897 3043 audiebas,
922 2963 1004 3027 mihi
1030 2964 1123 3028 illum
1146 2984 1189 3027 ex
1237 2999 1239 3002 ·

173 3084 290 3151 multis
306 3083 471 3166 variisque
496 3082 705 3148 sermonibus
731 3085 853 3147 nullius
877 3084 938 3159 rei,
965 3104 1039 3164 quae
1061 3086 1197 3166 quidem

173 3220 264 3272 esset
276 3206 310 3267 in
323 3206 364 3269 iis
377 3206 517 3284 artibus,
530 3208 571 3273 de
585 3207 704 3289 quibus
716 3204 843 3286 aliquid
851 3202 1040 3270 existimare
1053 3223 1196 3286 possem,

177 3328 298 3392 roden
309 3341 364 3390 aut
376 3328 527 3411 ignarum
538 3351 610 3393 esse
623 3326 742 3390 visum.
782 3324 849 3390 Sed
860 3324 924 3389 fuit
937 3324 1046 3389 hocin
1055 3303 1193 3411 utroque

90 3448 93 3455 ’
164 3464 353 3529 ,eorummt
361 3452 498 3514 Crassus
506 3465 646 3515 nontam
655 3449 837 3515 existimari
848 3450 1015 3516 velletnon
1026 3449 1195 3530 didicisse,

178 3594 282 3658 qnam
304 3571 362 3637 illa
377 3574 557 3659 despicere,
585 3587 618 3636 et
641 3586 828 3639 nostrorum
850 3573 1022 3637 hominum
1048 3571 1083 3633 in
1105 3570 1194 3638 omni

178 3719 301 3784 genere
324 3698 530 3783 prudentiam
545 3697 667 3761 Graecis
681 3698 866 3764 anteferre:
893 3696 1059 3760 Antonius
1082 3709 1192 3759 autern

176 3816 456 3903 probabiliorem*
493 3816 556 3879 hoc
570 3818 703 3901 ¹populo
730 3820 912 3884 orationem
946 3818 1017 3881 fore
1043 3819 1196 3883 censebat

177 3961 284 4018 suam,
310 3940 338 4001 si
351 3940 486 4001 omnino
501 3939 657 4004 didicisse
680 3961 862 4025 numquam
882 3955 1072 4027 putaretur:
1097 3957 1194 4026 atque

178 4064 225 4125 ita
238 4082 272 4124 se
287 4072 426 4142 uterque
442 4041 627 4143 graviorem
641 4061 725 4141 fore,
749 4062 777 4125 si
792 4063 873 4127 alter
886 4076 1103 4149 sontemnere,
1116 4065 1196 4129 alter

1153 4204 1194 4248 ne

208 4343 218 4370 ⁶
239 4322 436 4413 Probabila'orem,
454 4358 527 4395 more
546 4345 691 4412 acceptable
707 4359 735 4396 or
751 4336 869 4413 pleasing.
