2742 4950
485 381 760 464 Luni,
804 400 856 459 21.
1124 399 1167 457 ‘a
1241 466 1244 479 ἃ

155 580 273 662 ipsum
281 586 383 634 errare
395 567 585 632 arbitrabar.
619 557 1170 645 Artemveronegabatesseullam,

159 701 229 764 nisi
240 718 310 780 quae
319 691 463 779 cognitis
475 690 670 774 penitusque
682 686 874 770 perspectis,
896 697 929 749 et
941 684 975 746 in
987 704 1089 746 unum
1102 683 1171 746 exi·

135 871 138 877 -
160 846 229 895 tum
243 824 478 912 spectantibus,
491 833 524 884 et
535 818 716 899 numquam
728 812 911 878 fallentibus
922 814 1018 879 rebus
1027 812 1171 878 contine·

156 971 250 1022 retur
262 983 271 1030 3
283 957 355 1018 haec
367 966 478 1017 autem
486 946 607 1024 omnia,
620 965 690 1027 quae
704 930 922 1006 tractarentur
930 943 970 1006 ab
977 940 1172 1020 oratoribus,

157 1079 263 1144 dubia
272 1062 393 1143 esse'ct
405 1072 552 1141 incerta3
575 1084 651 1127 cum
673 1076 707 1124 et
727 1062 913 1125 dicerentur
926 1060 1034 1139 abiis,
1057 1059 1114 1142 qui
1135 1078 1175 1121 ea

160 1199 276 1263 omnia
290 1218 357 1259 non
369 1193 464 1277 plane
477 1197 634 1263 tenerent,
661 1195 695 1247 et
715 1180 905 1245 audirentur
924 1182 965 1244 ab
977 1180 1030 1259 ris,
1056 1178 1173 1262 quibus

158 1345 231 1387 non
255 1318 403 1384 scientia
425 1322 509 1376 esset
528 1306 696 1385 tradenda,
719 1306 779 1371 sed
802 1305 914 1391 exigui
936 1302 1094 1389 temporis
1117 1317 1174 1367 aut

164 1444 256 1506 falsa
278 1452 334 1503 aut
356 1450 437 1501 certe
450 1435 589 1495 obscura
601 1426 723 1512 opinio.
767 1424 864 1500 Quid
876 1426 1003 1489 multa?
1027 1424 1075 1486 sic
1090 1423 1173 1487 mihi

163 1582 236 1632 tum
249 1562 444 1650 persuadere
456 1557 642 1631 videbatur,
666 1570 770 1632 neque
785 1549 958 1613 artificium
981 1548 1084 1612 ullum
1099 1569 1171 1612 esse

161 1693 309 1769 dicendi,
331 1710 438 1773 neque
452 1702 651 1770 quemquam
664 1698 772 1763 posse,
795 1677 859 1740 nisi
883 1678 938 1761 qui
965 1677 1032 1757 illa,
1058 1698 1128 1761 quae
1154 1694 1174 1739 a

163 1815 366 1881 doctissimis
378 1808 567 1874 hominibus
591 1805 627 1866 in
650 1800 855 1886 philosophia
877 1800 1072 1877 dicerentur,
1098 1818 1173 1881 cog·

163 1952 287 2014 nosset,
313 1931 499 1999 autcallide
528 1940 583 1991 aut
608 1923 738 2006 copiose
753 1920 875 1983 dicere.
922 1916 1052 1990 Quibus
1066 1917 1174 1980 dicere

165 2057 371 2123 Charmadas
379 2052 515 2127 solebat,
527 2047 700 2130 ingenium
707 2057 813 2119 tuum,
829 2037 956 2117 Crasse,
967 2038 1174 2103 vehementer

164 2176 347 2251 admirans,
359 2194 415 2235 me
428 2168 491 2230 sibi
504 2166 692 2251 perfacilem
705 2163 740 2225 in
754 2158 929 2238 audiendo,
948 2172 981 2223 tc
994 2180 1172 2245 perpugna-

172 2291 498 2382 ccm'in‘disputando
507 2318 579 2362 esse
592 2296 713 2358 visum.

210 2544 341 2630 ixxl.
389 2553 543 2635 Tumque
554 2568 629 2632 ego,
637 2544 699 2608 hac
712 2543 830 2608 eadem
840 2537 994 2622 opinione
1003 2527 1174 2608 adductus,

166 2673 282 2758 scripsi
293 2674 398 2737 etiam
412 2671 497 2736 illud
510 2669 654 2748 quodam
664 2665 698 2726 in
708 2661 830 2740 libello,
844 2660 900 2744 qui
909 2680 962 2721 me
971 2654 1174 2740 imprudente

165 2814 201 2867 et
212 2796 321 2860 invito
332 2789 458 2855 excidit
470 2800 506 2850 et
516 2787 661 2871 pervenit
674 2789 707 2850 in
719 2808 835 2851 manus
843 2783 1026 2860 hominum,
1038 2781 1173 2846 disertos
1248 2794 1251 2799 ·

167 2933 225 2976 me
251 2932 405 2997 cognosse
430 2910 613 2990 nonnullos,
640 2915 830 3000 eloquentem
853 2906 958 2970 adhuc
983 2904 1170 2970 neminem:

167 3031 257 3114 quod
269 3052 344 3096 eum
365 3031 547 3094 statuebam
570 3029 744 3107 disertum,
768 3029 824 3110 qui
847 3040 956 3112 posset
978 3024 1055 3089 satis
1081 3036 1174 3088 acute

166 3168 263 3236 atque
285 3150 430 3215 dilucide
452 3140 540 3244 apud
561 3148 748 3212 mediocres
768 3147 917 3211 homines
944 3168 986 3208 ex
1008 3141 1173 3209 communi

165 3270 311 3352 quadam
322 3264 497 3328 hominum
518 3263 675 3346 opinione
687 3259 796 3322 dicere
811 3288 820 3335 ;
843 3264 1045 3355 eloquentem
1057 3254 1174 3336 veroli,

164 3380 228 3466 qui
254 3384 437 3447 mirabilius
462 3396 497 3444 et
519 3380 776 3467 magnificentius
803 3363 919 3468 augere
945 3396 1054 3468 posset
1077 3395 1174 3462 atquc
1252 3446 1257 3462 ⁸

543 3506 574 3569 G
1048 3517 1175 3573 ornare,

194 3720 208 3745 ¹·
226 3716 296 3764 Here
306 3714 395 3763 Cicero
405 3713 449 3761 sits
459 3713 599 3763 tohisown
608 3713 710 3778 picture,
728 3715 822 3771 which,
839 3712 946 3761 without
954 3706 1038 3763 doubt,
1057 3673 1176 3771 periectly

163 3819 297 3867 resembles
306 3820 350 3868 the
358 3817 469 3881 original.
504 3818 565 3869 llad
573 3822 605 3868 he
617 3818 762 3870 knownhis
779 3816 865 3865 foibles
882 3830 910 3863 as
920 3813 978 3864 well
996 3826 1024 3860 as
1041 3808 1082 3857 his
1102 3806 1179 3857 excel·

163 3922 270 3979 leucies;
288 3919 340 3969 had
355 3922 388 3970 he
404 3919 488 3970 united
502 3921 541 3969 his
551 3924 683 3980 character,
706 3936 734 3969 as
752 3933 785 3968 an
801 3928 889 3974 orator,
910 3928 937 3964 to
945 3918 1000 3964 that
1010 3913 1041 3962 oi
1047 3929 1062 3961 a
1071 3913 1180 3962 virmous

164 4024 261 4080 citizen,
279 4021 329 4071 and
339 4036 372 4070 an
382 4024 481 4087 upright
490 4024 643 4086 magistrate,
662 4022 797 4083 invariably
809 4003 970 4082 conforming
979 4019 1019 4066 his
1029 4014 1134 4066 conduct
1152 4022 1179 4060 to

165 4125 210 4172 the
218 4124 348 4189 principles
358 4122 388 4173 oi
394 4126 461 4194 trusit
469 4122 624 4190 andjustice;
641 4139 674 4172 no
682 4122 820 4173 mancould
828 4123 892 4171 have
900 4121 1022 4188 appeared
1029 4116 1177 4185 toposterity

165 4209 426 4288 witbneaterun're.
460 4228 616 4280 suthem
625 4225 700 4278 timu
714 4223 1177 4291 andwaverngtnnemascremwt

167 4329 198 4376 of
204 4329 286 4392 public
295 4331 383 4384 auam
413 4381 415 4385 ,
650 4328 651 4331 ’
