<?xml version="1.0" encoding="UTF-8"?>
<!DOCTYPE html PUBLIC "-//W3C//DTD XHTML 1.0 Transitional//EN"
    "http://www.w3.org/TR/xhtml1/DTD/xhtml1-transitional.dtd">
<html xmlns="http://www.w3.org/1999/xhtml" xml:lang="en" lang="en">
 <head>
  <title>
</title>
<meta http-equiv="Content-Type" content="text/html;charset=utf-8" />
  <meta name='ocr-system' content='tesseract 3.04.00' />
  <meta name='ocr-capabilities' content='ocr_page ocr_carea ocr_par ocr_line ocrx_word'/>
</head>
<body>
  <div class='ocr_page' id='page_1' title='image "./mtulliiciceroni00smitgoog_0184.png"; bbox 0 0 2742 4950; ppageno 0'>
   <div class='ocr_carea' id='block_1_1' title="bbox 150 390 866 460">
    <p class='ocr_par' dir='ltr' id='par_1_1' title="bbox 150 390 866 460">
     <span class='ocr_line' id='line_1_1' title="bbox 150 390 866 460; baseline -0.007 -2"><span class='ocrx_word' id='word_1_1' title='bbox 150 403 216 460; x_wconf 84' lang='lat'><strong>180</strong></span> <span class='ocrx_word' id='word_1_2' title='bbox 440 390 866 454; x_wconf 27' lang='lat' dir='ltr'><strong>Droussarortrr</strong></span> 
     </span>
    </p>
   </div>
   <div class='ocr_carea' id='block_1_2' title="bbox 150 551 1191 887">
    <p class='ocr_par' dir='ltr' id='par_1_2' title="bbox 150 551 1191 887">
     <span class='ocr_line' id='line_1_2' title="bbox 153 551 1189 642; baseline -0.009 -17"><span class='ocrx_word' id='word_1_3' title='bbox 153 561 274 625; x_wconf 81' lang='lat' dir='ltr'><strong>entitur</strong></span> <span class='ocrx_word' id='word_1_4' title='bbox 287 570 342 622; x_wconf 89' lang='lat' dir='ltr'><strong>aut</strong></span> <span class='ocrx_word' id='word_1_5' title='bbox 352 578 395 620; x_wconf 73' lang='lat' dir='ltr'><strong>ex</strong></span> <span class='ocrx_word' id='word_1_6' title='bbox 408 557 556 641; x_wconf 89' lang='lat' dir='ltr'><strong>ipsorum</strong></span> <span class='ocrx_word' id='word_1_7' title='bbox 580 555 744 642; x_wconf 79' lang='lat' dir='ltr'><strong>periculis,</strong></span> <span class='ocrx_word' id='word_1_8' title='bbox 769 569 826 619; x_wconf 87' lang='lat' dir='ltr'><strong>aut</strong></span> <span class='ocrx_word' id='word_1_9' title='bbox 840 578 882 629; x_wconf 76' lang='lat' dir='ltr'><strong>ex</strong></span> <span class='ocrx_word' id='word_1_10' title='bbox 906 551 1163 619; x_wconf 81' lang='lat' dir='ltr'><strong>communibus</strong></span> <span class='ocrx_word' id='word_1_11' title='bbox 1179 576 1189 616; x_wconf 73' lang='grc' dir='ltr'><strong>ι</strong></span> 
     </span>
     <span class='ocr_line' id='line_1_3' title="bbox 152 664 1191 768; baseline -0.002 -24"><span class='ocrx_word' id='word_1_12' title='bbox 152 683 285 745; x_wconf 82' lang='lat' dir='ltr'><strong>interior</strong></span> <span class='ocrx_word' id='word_1_13' title='bbox 296 698 346 743; x_wconf 89' lang='lat' dir='ltr'><strong>est</strong></span> <span class='ocrx_word' id='word_1_14' title='bbox 360 682 410 746; x_wconf 74' lang='lat' dir='ltr'><strong>ille</strong></span> <span class='ocrx_word' id='word_1_15' title='bbox 422 685 573 768; x_wconf 81' lang='lat' dir='ltr'><strong>proprius</strong></span> <span class='ocrx_word' id='word_1_16' title='bbox 589 685 626 759; x_wconf 77' lang='lat'><strong>;*</strong></span> <span class='ocrx_word' id='word_1_17' title='bbox 647 684 706 746; x_wconf 85' lang='lat' dir='ltr'><strong>sed</strong></span> <span class='ocrx_word' id='word_1_18' title='bbox 718 682 773 743; x_wconf 87' lang='lat' dir='ltr'><strong>hic</strong></span> <span class='ocrx_word' id='word_1_19' title='bbox 785 664 912 765; x_wconf 64' lang='lat' dir='ltr'><strong>quotpue</strong></span> <span class='ocrx_word' id='word_1_20' title='bbox 922 679 1131 742; x_wconf 85' lang='lat' dir='ltr'><strong>communis</strong></span> <span class='ocrx_word' id='word_1_21' title='bbox 1143 679 1191 742; x_wconf 86' lang='lat' dir='ltr'><strong>ad</strong></span> 
     </span>
     <span class='ocr_line' id='line_1_4' title="bbox 150 794 895 887; baseline -0.003 -22"><span class='ocrx_word' id='word_1_22' title='bbox 150 805 285 868; x_wconf 86' lang='lat' dir='ltr'><strong>eandem</strong></span> <span class='ocrx_word' id='word_1_23' title='bbox 300 804 555 868; x_wconf 81' lang='lat' dir='ltr'><strong>similitudinem</strong></span> <span class='ocrx_word' id='word_1_24' title='bbox 569 817 617 868; x_wconf 82' lang='lat' dir='ltr'><strong>est</strong></span> <span class='ocrx_word' id='word_1_25' title='bbox 630 801 868 887; x_wconf 71' lang='lat' dir='ltr'><strong>perducendus.</strong></span> <span class='ocrx_word' id='word_1_26' title='bbox 893 794 895 799; x_wconf 68' lang='grc'><strong>’</strong></span> 
     </span>
    </p>
   </div>
   <div class='ocr_carea' id='block_1_3' title="bbox 152 1035 1192 1489">
    <p class='ocr_par' dir='ltr' id='par_1_3' title="bbox 152 1035 1192 1489">
     <span class='ocr_line' id='line_1_5' title="bbox 196 1035 1192 1129; baseline -0.011 -21"><span class='ocrx_word' id='word_1_27' title='bbox 196 1044 210 1117; x_wconf 81' lang='lat' dir='ltr'><strong>l</strong></span> <span class='ocrx_word' id='word_1_28' title='bbox 235 1044 316 1108; x_wconf 88' lang='lat' dir='ltr'>L11.</span> <span class='ocrx_word' id='word_1_29' title='bbox 363 1046 427 1109; x_wconf 90' lang='lat' dir='ltr'><strong>Par</strong></span> <span class='ocrx_word' id='word_1_30' title='bbox 440 1059 535 1129; x_wconf 88' lang='lat' dir='ltr'><strong>atque</strong></span> <span class='ocrx_word' id='word_1_31' title='bbox 545 1066 611 1108; x_wconf 88' lang='lat' dir='ltr'><strong>una</strong></span> <span class='ocrx_word' id='word_1_32' title='bbox 621 1044 706 1108; x_wconf 88' lang='lat' dir='ltr'><strong>ratio</strong></span> <span class='ocrx_word' id='word_1_33' title='bbox 720 1056 769 1106; x_wconf 85' lang='lat' dir='ltr'><strong>est</strong></span> <span class='ocrx_word' id='word_1_34' title='bbox 792 1041 874 1126; x_wconf 84' lang='lat' dir='ltr'><strong>spei,</strong></span> <span class='ocrx_word' id='word_1_35' title='bbox 900 1038 1033 1118; x_wconf 70' lang='lat' dir='ltr'><strong>laetitiae,</strong></span> <span class='ocrx_word' id='word_1_36' title='bbox 1048 1035 1192 1099; x_wconf 83' lang='lat' dir='ltr'><strong>moles·</strong></span> 
     </span>
     <span class='ocr_line' id='line_1_6' title="bbox 152 1160 1191 1250; baseline -0.006 -23"><span class='ocrx_word' id='word_1_37' title='bbox 152 1164 226 1227; x_wconf 78' lang='lat' dir='ltr'><strong>tiae:</strong></span> <span class='ocrx_word' id='word_1_38' title='bbox 250 1168 309 1230; x_wconf 83' lang='lat' dir='ltr'><strong>sed</strong></span> <span class='ocrx_word' id='word_1_39' title='bbox 322 1167 537 1247; x_wconf 66' lang='lat' dir='ltr'><strong>baudiciam,</strong></span> <span class='ocrx_word' id='word_1_40' title='bbox 560 1190 601 1230; x_wconf 86' lang='lat' dir='ltr'><strong>an</strong></span> <span class='ocrx_word' id='word_1_41' title='bbox 627 1168 803 1231; x_wconf 83' lang='lat' dir='ltr'><strong>acerrimus</strong></span> <span class='ocrx_word' id='word_1_42' title='bbox 824 1166 921 1250; x_wconf 84' lang='lat' dir='ltr'><strong>longe</strong></span> <span class='ocrx_word' id='word_1_43' title='bbox 946 1165 989 1226; x_wconf 79' lang='lat' dir='ltr'><strong>sit</strong></span> <span class='ocrx_word' id='word_1_44' title='bbox 1011 1160 1191 1225; x_wconf 89' lang='lat' dir='ltr'><strong>omnium</strong></span> 
     </span>
     <span class='ocr_line' id='line_1_7' title="bbox 154 1279 1192 1369; baseline -0.007 -22"><span class='ocrx_word' id='word_1_45' title='bbox 154 1298 263 1349; x_wconf 81' lang='lat' dir='ltr'><strong>motus</strong></span> <span class='ocrx_word' id='word_1_46' title='bbox 277 1285 421 1364; x_wconf 78' lang='lat' dir='ltr'><strong>invidiae,</strong></span> <span class='ocrx_word' id='word_1_47' title='bbox 434 1308 493 1349; x_wconf 91' lang='lat' dir='ltr'><strong>nec</strong></span> <span class='ocrx_word' id='word_1_48' title='bbox 507 1288 616 1348; x_wconf 85' lang='lat' dir='ltr'><strong>minus</strong></span> <span class='ocrx_word' id='word_1_49' title='bbox 628 1285 750 1348; x_wconf 88' lang='lat' dir='ltr'><strong>virium</strong></span> <span class='ocrx_word' id='word_1_50' title='bbox 764 1307 847 1369; x_wconf 83' lang='lat' dir='ltr'><strong>opus</strong></span> <span class='ocrx_word' id='word_1_51' title='bbox 859 1285 904 1351; x_wconf 73' lang='lat' dir='ltr'><strong>eit</strong></span> <span class='ocrx_word' id='word_1_52' title='bbox 916 1284 949 1345; x_wconf 87' lang='lat' dir='ltr'><strong>&#39;m</strong></span> <span class='ocrx_word' id='word_1_53' title='bbox 968 1304 1006 1347; x_wconf 89' lang='lat' dir='ltr'><strong>ea</strong></span> <span class='ocrx_word' id='word_1_54' title='bbox 1028 1279 1192 1363; x_wconf 87' lang='lat' dir='ltr'><strong>compri-</strong></span> 
     </span>
     <span class='ocr_line' id='line_1_8' title="bbox 154 1397 1192 1489; baseline -0.007 -24"><span class='ocrx_word' id='word_1_55' title='bbox 154 1408 284 1485; x_wconf 82' lang='lat' dir='ltr'><strong>menda,</strong></span> <span class='ocrx_word' id='word_1_56' title='bbox 295 1428 393 1489; x_wconf 85' lang='lat' dir='ltr'><strong>quam</strong></span> <span class='ocrx_word' id='word_1_57' title='bbox 408 1407 441 1469; x_wconf 88' lang='lat' dir='ltr'><strong>in</strong></span> <span class='ocrx_word' id='word_1_58' title='bbox 461 1406 642 1471; x_wconf 78' lang='lat' dir='ltr'><strong>excitanda.</strong></span> <span class='ocrx_word' id='word_1_59' title='bbox 702 1404 858 1469; x_wconf 88' lang='lat' dir='ltr'><strong>Invident</strong></span> <span class='ocrx_word' id='word_1_60' title='bbox 883 1415 995 1466; x_wconf 86' lang='lat' dir='ltr'><strong>autem</strong></span> <span class='ocrx_word' id='word_1_61' title='bbox 1016 1397 1192 1461; x_wconf 84' lang='lat' dir='ltr'><strong>homines</strong></span> 
     </span>
    </p>
   </div>
   <div class='ocr_carea' id='block_1_4' title="bbox 151 1517 1193 1607">
    <p class='ocr_par' dir='ltr' id='par_1_4' title="bbox 151 1517 1193 1607">
     <span class='ocr_line' id='line_1_9' title="bbox 151 1517 1193 1607; baseline -0.011 -18"><span class='ocrx_word' id='word_1_62' title='bbox 151 1525 294 1589; x_wconf 82' lang='lat' dir='ltr'><strong>maxime</strong></span> <span class='ocrx_word' id='word_1_63' title='bbox 305 1527 437 1607; x_wconf 90' lang='lat' dir='ltr'><strong>paribus</strong></span> <span class='ocrx_word' id='word_1_64' title='bbox 451 1542 510 1589; x_wconf 81' lang='lat' dir='ltr'><strong>aut</strong></span> <span class='ocrx_word' id='word_1_65' title='bbox 521 1526 743 1603; x_wconf 85' lang='lat' dir='ltr'><strong>inferioribus,</strong></span> <span class='ocrx_word' id='word_1_66' title='bbox 757 1547 831 1588; x_wconf 91' lang='lat' dir='ltr'><strong>cum</strong></span> <span class='ocrx_word' id='word_1_67' title='bbox 858 1547 892 1588; x_wconf 88' lang='lat' dir='ltr'><strong>se</strong></span> <span class='ocrx_word' id='word_1_68' title='bbox 917 1522 1055 1587; x_wconf 87' lang='lat' dir='ltr'><strong>relictos</strong></span> <span class='ocrx_word' id='word_1_69' title='bbox 1078 1517 1193 1583; x_wconf 88' lang='lat' dir='ltr'><strong>senti·</strong></span> 
     </span>
    </p>
   </div>
   <div class='ocr_carea' id='block_1_5' title="bbox 144 1640 1188 1859">
    <p class='ocr_par' dir='ltr' id='par_1_5' title="bbox 144 1640 1188 1859">
     <span class='ocr_line' id='line_1_10' title="bbox 144 1640 1188 1859; baseline -0.007 -151"><span class='ocrx_word' id='word_1_70' title='bbox 144 1659 222 1859; x_wconf 43' lang='lat' dir='ltr'><strong>ff,</strong></span> <span class='ocrx_word' id='word_1_71' title='bbox 235 1646 307 1707; x_wconf 89' lang='lat' dir='ltr'><strong>illos</strong></span> <span class='ocrx_word' id='word_1_72' title='bbox 322 1664 428 1709; x_wconf 85' lang='lat' dir='ltr'><strong>autem</strong></span> <span class='ocrx_word' id='word_1_73' title='bbox 444 1650 556 1713; x_wconf 83' lang='lat' dir='ltr'><strong>dolent</strong></span> <span class='ocrx_word' id='word_1_74' title='bbox 569 1651 736 1714; x_wconf 86' lang='lat' dir='ltr'>evolasse:</span> <span class='ocrx_word' id='word_1_75' title='bbox 760 1652 819 1710; x_wconf 79' lang='lat' dir='ltr'><strong>sed</strong></span> <span class='ocrx_word' id='word_1_76' title='bbox 833 1649 933 1709; x_wconf 89' lang='lat' dir='ltr'><strong>etiam</strong></span> <span class='ocrx_word' id='word_1_77' title='bbox 945 1640 1188 1725; x_wconf 84' lang='lat' dir='ltr'><strong>superioribus</strong></span> 
     </span>
    </p>
   </div>
   <div class='ocr_carea' id='block_1_6' title="bbox 135 1766 1191 3678">
    <p class='ocr_par' dir='ltr' id='par_1_6' title="bbox 213 1766 1189 1856">
     <span class='ocr_line' id='line_1_11' title="bbox 213 1766 1189 1856; baseline -0.003 -26"><span class='ocrx_word' id='word_1_78' title='bbox 213 1771 319 1833; x_wconf 86' lang='lat' dir='ltr'><strong>idetur</strong></span> <span class='ocrx_word' id='word_1_79' title='bbox 332 1794 411 1855; x_wconf 83' lang='lat' dir='ltr'><strong>saepe</strong></span> <span class='ocrx_word' id='word_1_80' title='bbox 424 1767 648 1852; x_wconf 83' lang='lat' dir='ltr'><strong>vehementer,</strong></span> <span class='ocrx_word' id='word_1_81' title='bbox 661 1788 694 1839; x_wconf 89' lang='lat' dir='ltr'><strong>et</strong></span> <span class='ocrx_word' id='word_1_82' title='bbox 708 1794 747 1834; x_wconf 88' lang='lat' dir='ltr'><strong>eo</strong></span> <span class='ocrx_word' id='word_1_83' title='bbox 758 1771 877 1856; x_wconf 77' lang='lat' dir='ltr'><strong>magia,</strong></span> <span class='ocrx_word' id='word_1_84' title='bbox 892 1773 919 1831; x_wconf 89' lang='lat' dir='ltr'><strong>si</strong></span> <span class='ocrx_word' id='word_1_85' title='bbox 936 1766 1189 1849; x_wconf 80' lang='lat' dir='ltr'><strong>intolerantius</strong></span> 
     </span>
    </p>

    <p class='ocr_par' dir='ltr' id='par_1_7' title="bbox 157 1888 1191 1978">
     <span class='ocr_line' id='line_1_12' title="bbox 157 1888 1191 1978; baseline 0.003 -32"><span class='ocrx_word' id='word_1_86' title='bbox 157 1904 192 1946; x_wconf 82' lang='lat' dir='ltr'><strong>se</strong></span> <span class='ocrx_word' id='word_1_87' title='bbox 200 1894 339 1973; x_wconf 77' lang='lat' dir='ltr'><strong>jactant,</strong></span> <span class='ocrx_word' id='word_1_88' title='bbox 350 1906 384 1954; x_wconf 82' lang='lat' dir='ltr'><strong>et</strong></span> <span class='ocrx_word' id='word_1_89' title='bbox 397 1895 650 1975; x_wconf 69' lang='lat' dir='ltr'><strong>aequabilitatem</strong></span> <span class='ocrx_word' id='word_1_90' title='bbox 664 1894 851 1958; x_wconf 87' lang='lat' dir='ltr'><strong>communis</strong></span> <span class='ocrx_word' id='word_1_91' title='bbox 874 1894 958 1978; x_wconf 77' lang='lat' dir='ltr'><strong>juris</strong></span> <span class='ocrx_word' id='word_1_92' title='bbox 981 1888 1191 1976; x_wconf 74' lang='lat' dir='ltr'><strong>praestantia</strong></span> 
     </span>
    </p>

    <p class='ocr_par' dir='ltr' id='par_1_8' title="bbox 157 2005 1188 2100">
     <span class='ocr_line' id='line_1_13' title="bbox 157 2005 1188 2100; baseline 0.01 -35"><span class='ocrx_word' id='word_1_93' title='bbox 157 2005 328 2090; x_wconf 80' lang='lat' dir='ltr'><strong>dignitatis</strong></span> <span class='ocrx_word' id='word_1_94' title='bbox 340 2028 395 2075; x_wconf 84' lang='lat' dir='ltr'><strong>aut</strong></span> <span class='ocrx_word' id='word_1_95' title='bbox 408 2014 545 2081; x_wconf 82' lang='lat' dir='ltr'><strong>fortunae</strong></span> <span class='ocrx_word' id='word_1_96' title='bbox 559 2041 624 2081; x_wconf 80' lang='lat' dir='ltr'><strong>sua:</strong></span> <span class='ocrx_word' id='word_1_97' title='bbox 639 2032 806 2082; x_wconf 78' lang='lat' dir='ltr'><strong>transeunt</strong></span> <span class='ocrx_word' id='word_1_98' title='bbox 820 2041 829 2079; x_wconf 73' lang='lat' dir='ltr'><strong><em>z</em></strong></span> <span class='ocrx_word' id='word_1_99' title='bbox 842 2039 912 2100; x_wconf 83' lang='lat' dir='ltr'><strong>quae</strong></span> <span class='ocrx_word' id='word_1_100' title='bbox 928 2016 956 2078; x_wconf 88' lang='lat' dir='ltr'><strong>si</strong></span> <span class='ocrx_word' id='word_1_101' title='bbox 969 2016 1188 2077; x_wconf 86' lang='lat' dir='ltr'><strong>inflamman-</strong></span> 
     </span>
    </p>

    <p class='ocr_par' dir='ltr' id='par_1_9' title="bbox 156 2124 1188 2222">
     <span class='ocr_line' id='line_1_14' title="bbox 156 2124 1188 2222; baseline 0.019 -41"><span class='ocrx_word' id='word_1_102' title='bbox 156 2124 197 2183; x_wconf 87' lang='lat' dir='ltr'><strong>da</strong></span> <span class='ocrx_word' id='word_1_103' title='bbox 212 2142 296 2199; x_wconf 75' lang='lat' dir='ltr'><strong>sunt,</strong></span> <span class='ocrx_word' id='word_1_104' title='bbox 311 2132 453 2195; x_wconf 80' lang='lat' dir='ltr'><strong>maxime</strong></span> <span class='ocrx_word' id='word_1_105' title='bbox 469 2135 645 2199; x_wconf 77' lang='lat' dir='ltr'><strong>dicendum</strong></span> <span class='ocrx_word' id='word_1_106' title='bbox 658 2153 719 2214; x_wconf 82' lang='lat' dir='ltr'><strong>est,</strong></span> <span class='ocrx_word' id='word_1_107' title='bbox 733 2159 799 2200; x_wconf 89' lang='lat' dir='ltr'><strong>non</strong></span> <span class='ocrx_word' id='word_1_108' title='bbox 813 2161 884 2203; x_wconf 88' lang='lat' dir='ltr'><strong>esse</strong></span> <span class='ocrx_word' id='word_1_109' title='bbox 911 2138 1036 2201; x_wconf 85' lang='lat' dir='ltr'><strong>virtute</strong></span> <span class='ocrx_word' id='word_1_110' title='bbox 1060 2152 1164 2222; x_wconf 86' lang='lat' dir='ltr'><strong>parta</strong></span> <span class='ocrx_word' id='word_1_111' title='bbox 1177 2163 1188 2211; x_wconf 78' lang='lat'><em>3</em></span> 
     </span>
    </p>

    <p class='ocr_par' dir='ltr' id='par_1_10' title="bbox 156 2243 1188 2340">
     <span class='ocr_line' id='line_1_15' title="bbox 156 2243 1188 2340; baseline 0.019 -35"><span class='ocrx_word' id='word_1_112' title='bbox 156 2243 271 2309; x_wconf 81' lang='lat' dir='ltr'><strong>deinde</strong></span> <span class='ocrx_word' id='word_1_113' title='bbox 288 2252 386 2313; x_wconf 74' lang='lat' dir='ltr'><strong>etiam</strong></span> <span class='ocrx_word' id='word_1_114' title='bbox 399 2254 490 2316; x_wconf 87' lang='lat' dir='ltr'><strong>vitiis</strong></span> <span class='ocrx_word' id='word_1_115' title='bbox 505 2272 603 2339; x_wconf 85' lang='lat' dir='ltr'><strong>atque</strong></span> <span class='ocrx_word' id='word_1_116' title='bbox 616 2260 759 2340; x_wconf 85' lang='lat' dir='ltr'><strong>peccatis</strong></span> <span class='ocrx_word' id='word_1_117' title='bbox 775 2285 782 2322; x_wconf 90' lang='lat'><strong>:</strong></span> <span class='ocrx_word' id='word_1_118' title='bbox 807 2274 878 2324; x_wconf 91' lang='lat' dir='ltr'><strong>tum</strong></span> <span class='ocrx_word' id='word_1_119' title='bbox 891 2262 919 2324; x_wconf 87' lang='lat' dir='ltr'><strong>si</strong></span> <span class='ocrx_word' id='word_1_120' title='bbox 943 2277 1039 2326; x_wconf 84' lang='lat' dir='ltr'><strong>erunt</strong></span> <span class='ocrx_word' id='word_1_121' title='bbox 1059 2264 1188 2325; x_wconf 88' lang='lat' dir='ltr'><strong>hones·</strong></span> 
     </span>
    </p>

    <p class='ocr_par' dir='ltr' id='par_1_11' title="bbox 157 2366 1188 2460">
     <span class='ocr_line' id='line_1_16' title="bbox 157 2366 1188 2460; baseline 0.019 -34"><span class='ocrx_word' id='word_1_122' title='bbox 157 2366 244 2429; x_wconf 87' lang='lat' dir='ltr'><strong>tiora</strong></span> <span class='ocrx_word' id='word_1_123' title='bbox 256 2385 352 2453; x_wconf 80' lang='lat' dir='ltr'><strong>atque</strong></span> <span class='ocrx_word' id='word_1_124' title='bbox 366 2375 528 2457; x_wconf 84' lang='lat' dir='ltr'><strong>graviora,</strong></span> <span class='ocrx_word' id='word_1_125' title='bbox 543 2368 652 2439; x_wconf 73' lang='lat' dir='ltr'><strong>tamen</strong></span> <span class='ocrx_word' id='word_1_126' title='bbox 665 2398 731 2438; x_wconf 86' lang='lat' dir='ltr'><strong>non</strong></span> <span class='ocrx_word' id='word_1_127' title='bbox 745 2398 815 2440; x_wconf 86' lang='lat' dir='ltr'><strong>esse</strong></span> <span class='ocrx_word' id='word_1_128' title='bbox 824 2378 937 2457; x_wconf 81' lang='lat' dir='ltr'><strong>tanta†</strong></span> <span class='ocrx_word' id='word_1_129' title='bbox 954 2373 1021 2453; x_wconf 84' lang='lat' dir='ltr'><strong>ulla</strong></span> <span class='ocrx_word' id='word_1_130' title='bbox 1045 2383 1188 2460; x_wconf 84' lang='lat' dir='ltr'><strong>merita,</strong></span> 
     </span>
    </p>

    <p class='ocr_par' dir='ltr' id='par_1_12' title="bbox 135 2465 1187 2703">
     <span class='ocr_line' id='line_1_17' title="bbox 135 2465 1187 2579; baseline 0.012 -31"><span class='ocrx_word' id='word_1_131' title='bbox 135 2465 143 2485; x_wconf 64' lang='grc'>’</span> <span class='ocrx_word' id='word_1_132' title='bbox 159 2502 281 2568; x_wconf 86' lang='lat' dir='ltr'><strong>quanta</strong></span> <span class='ocrx_word' id='word_1_133' title='bbox 294 2491 467 2559; x_wconf 80' lang='lat' dir='ltr'><strong>insolentia</strong></span> <span class='ocrx_word' id='word_1_134' title='bbox 475 2496 632 2576; x_wconf 86' lang='lat' dir='ltr'><strong>hominis,</strong></span> <span class='ocrx_word' id='word_1_135' title='bbox 641 2474 869 2579; x_wconf 35' lang='lat' dir='ltr'><strong>&#39;quantumque</strong></span> <span class='ocrx_word' id='word_1_136' title='bbox 883 2493 1067 2564; x_wconf 83' lang='lat' dir='ltr'><strong>fastidium·</strong></span> <span class='ocrx_word' id='word_1_137' title='bbox 1121 2499 1187 2561; x_wconf 89' lang='lat' dir='ltr'><strong>Ad</strong></span> 
     </span>
     <span class='ocr_line' id='line_1_18' title="bbox 159 2609 1184 2703; baseline 0.015 -33"><span class='ocrx_word' id='word_1_138' title='bbox 159 2609 342 2675; x_wconf 75' lang='lat' dir='ltr'><strong>sedandum</strong></span> <span class='ocrx_word' id='word_1_139' title='bbox 357 2630 478 2697; x_wconf 81' lang='lat' dir='ltr'><strong>autem,</strong></span> <span class='ocrx_word' id='word_1_140' title='bbox 492 2640 612 2703; x_wconf 83' lang='lat' dir='ltr'><strong>magno</strong></span> <span class='ocrx_word' id='word_1_141' title='bbox 634 2617 691 2679; x_wconf 84' lang='lat' dir='ltr'><strong>illa</strong></span> <span class='ocrx_word' id='word_1_142' title='bbox 715 2616 838 2694; x_wconf 76' lang='lat' dir='ltr'><strong>labore,</strong></span> <span class='ocrx_word' id='word_1_143' title='bbox 862 2618 991 2702; x_wconf 86' lang='lat' dir='ltr'><strong>magnis</strong></span> <span class='ocrx_word' id='word_1_144' title='bbox 1016 2619 1184 2703; x_wconf 86' lang='lat' dir='ltr'><strong>periculis</strong></span> 
     </span>
    </p>

    <p class='ocr_par' dir='ltr' id='par_1_13' title="bbox 161 2736 1183 2817">
     <span class='ocr_line' id='line_1_19' title="bbox 161 2736 1183 2817; baseline 0.009 -22"><span class='ocrx_word' id='word_1_145' title='bbox 161 2754 232 2795; x_wconf 88' lang='lat' dir='ltr'><strong>esse</strong></span> <span class='ocrx_word' id='word_1_146' title='bbox 245 2749 419 2817; x_wconf 84' lang='lat' dir='ltr'><strong>parta‚nec</strong></span> <span class='ocrx_word' id='word_1_147' title='bbox 441 2740 483 2801; x_wconf 88' lang='lat' dir='ltr'><strong>ad</strong></span> <span class='ocrx_word' id='word_1_148' title='bbox 510 2759 607 2801; x_wconf 87' lang='lat' dir='ltr'><strong>suum</strong></span> <span class='ocrx_word' id='word_1_149' title='bbox 631 2736 856 2815; x_wconf 70' lang='lat' dir='ltr'><strong>eorumdum,</strong></span> <span class='ocrx_word' id='word_1_150' title='bbox 880 2741 938 2802; x_wconf 90' lang='lat' dir='ltr'><strong>sed</strong></span> <span class='ocrx_word' id='word_1_151' title='bbox 964 2740 1005 2801; x_wconf 86' lang='lat' dir='ltr'><strong>ad</strong></span> <span class='ocrx_word' id='word_1_152' title='bbox 1034 2741 1183 2804; x_wconf 85' lang='lat' dir='ltr'><strong>aliorum</strong></span> 
     </span>
    </p>

    <p class='ocr_par' dir='ltr' id='par_1_14' title="bbox 161 2857 1183 2942">
     <span class='ocr_line' id='line_1_20' title="bbox 161 2857 1183 2942; baseline 0.007 -25"><span class='ocrx_word' id='word_1_153' title='bbox 161 2875 230 2918; x_wconf 75' lang='lat' dir='ltr'><strong>esse</strong></span> <span class='ocrx_word' id='word_1_154' title='bbox 246 2858 382 2920; x_wconf 81' lang='lat' dir='ltr'><strong>collata:</strong></span> <span class='ocrx_word' id='word_1_155' title='bbox 407 2882 553 2942; x_wconf 76' lang='lat' dir='ltr'><strong>seseque,</strong></span> <span class='ocrx_word' id='word_1_156' title='bbox 565 2860 592 2920; x_wconf 89' lang='lat' dir='ltr'><strong>si</strong></span> <span class='ocrx_word' id='word_1_157' title='bbox 606 2880 704 2940; x_wconf 85' lang='lat' dir='ltr'><strong>quam</strong></span> <span class='ocrx_word' id='word_1_158' title='bbox 716 2857 854 2941; x_wconf 82' lang='lat' dir='ltr'><strong>gloriam</strong></span> <span class='ocrx_word' id='word_1_159' title='bbox 882 2859 1052 2941; x_wconf 63' lang='lat' dir='ltr'><strong>peperisae</strong></span> <span class='ocrx_word' id='word_1_160' title='bbox 1065 2862 1183 2925; x_wconf 84' lang='lat' dir='ltr'><strong>videa·</strong></span> 
     </span>
    </p>

    <p class='ocr_par' dir='ltr' id='par_1_15' title="bbox 162 2978 1183 3063">
     <span class='ocr_line' id='line_1_21' title="bbox 162 2978 1183 3063; baseline 0.01 -25"><span class='ocrx_word' id='word_1_161' title='bbox 162 2991 227 3057; x_wconf 86' lang='lat' dir='ltr'><strong>tur,</strong></span> <span class='ocrx_word' id='word_1_162' title='bbox 241 2980 371 3044; x_wconf 83' lang='lat' dir='ltr'><strong>tametsi</strong></span> <span class='ocrx_word' id='word_1_163' title='bbox 386 3004 426 3044; x_wconf 89' lang='lat' dir='ltr'><strong>ea</strong></span> <span class='ocrx_word' id='word_1_164' title='bbox 437 3003 503 3044; x_wconf 87' lang='lat' dir='ltr'><strong>non</strong></span> <span class='ocrx_word' id='word_1_165' title='bbox 516 2982 559 3043; x_wconf 84' lang='lat' dir='ltr'><strong>sir</strong></span> <span class='ocrx_word' id='word_1_166' title='bbox 569 2979 682 3063; x_wconf 91' lang='lat' dir='ltr'><strong>iniqua</strong></span> <span class='ocrx_word' id='word_1_167' title='bbox 693 2999 819 3041; x_wconf 85' lang='lat' dir='ltr'><strong>merces</strong></span> <span class='ocrx_word' id='word_1_168' title='bbox 833 2978 983 3062; x_wconf 86' lang='lat' dir='ltr'><strong>periculi,</strong></span> <span class='ocrx_word' id='word_1_169' title='bbox 996 2993 1113 3047; x_wconf 84' lang='lat' dir='ltr'><strong>tamen</strong></span> <span class='ocrx_word' id='word_1_170' title='bbox 1142 3006 1183 3048; x_wconf 88' lang='lat' dir='ltr'><strong>ea</strong></span> 
     </span>
    </p>

    <p class='ocr_par' dir='ltr' id='par_1_16' title="bbox 139 3100 1182 3313">
     <span class='ocr_line' id='line_1_22' title="bbox 139 3100 1182 3188; baseline 0.007 -32"><span class='ocrx_word' id='word_1_171' title='bbox 139 3121 146 3144; x_wconf 83' lang='lat'><strong>·</strong></span> <span class='ocrx_word' id='word_1_172' title='bbox 163 3101 407 3178; x_wconf 55' lang='lat' dir='ltr'><strong>mundulectarb</strong></span> <span class='ocrx_word' id='word_1_173' title='bbox 420 3117 587 3188; x_wconf 89' lang='lat' dir='ltr'><strong>totamque</strong></span> <span class='ocrx_word' id='word_1_174' title='bbox 599 3100 739 3185; x_wconf 84' lang='lat' dir='ltr'><strong>abjicere</strong></span> <span class='ocrx_word' id='word_1_175' title='bbox 753 3112 848 3182; x_wconf 84' lang='lat' dir='ltr'><strong>atque</strong></span> <span class='ocrx_word' id='word_1_176' title='bbox 859 3100 1018 3182; x_wconf 86' lang='lat' dir='ltr'>deponere</span> <span class='ocrx_word' id='word_1_177' title='bbox 1036 3126 1045 3174; x_wconf 84' lang='lat'>3</span> <span class='ocrx_word' id='word_1_178' title='bbox 1070 3104 1182 3163; x_wconf 90' lang='lat' dir='ltr'><strong>omni-</strong></span> 
     </span>
     <span class='ocr_line' id='line_1_23' title="bbox 164 3218 1178 3313; baseline 0.003 -32"><span class='ocrx_word' id='word_1_179' title='bbox 164 3241 271 3303; x_wconf 83' lang='lat' dir='ltr'><strong>noque</strong></span> <span class='ocrx_word' id='word_1_180' title='bbox 285 3226 521 3304; x_wconf 83' lang='lat' dir='ltr'><strong>perficiendum</strong></span> <span class='ocrx_word' id='word_1_181' title='bbox 534 3239 584 3291; x_wconf 89' lang='lat' dir='ltr'><strong>est</strong></span> <span class='ocrx_word' id='word_1_182' title='bbox 596 3222 768 3313; x_wconf 87' lang='lat' dir='ltr'><strong>(quoniam</strong></span> <span class='ocrx_word' id='word_1_183' title='bbox 790 3218 933 3306; x_wconf 83' lang='lat' dir='ltr'><strong>plerique</strong></span> <span class='ocrx_word' id='word_1_184' title='bbox 956 3232 1031 3282; x_wconf 85' lang='lat' dir='ltr'><strong>sunt</strong></span> <span class='ocrx_word' id='word_1_185' title='bbox 1053 3221 1178 3302; x_wconf 82' lang='lat' dir='ltr'><strong>invidi,</strong></span> 
     </span>
    </p>

    <p class='ocr_par' dir='ltr' id='par_1_17' title="bbox 162 3344 1179 3429">
     <span class='ocr_line' id='line_1_24' title="bbox 162 3344 1179 3429; baseline 0 -22"><span class='ocrx_word' id='word_1_186' title='bbox 162 3344 372 3425; x_wconf 75' lang='lat' dir='ltr'><strong>maximeque</strong></span> <span class='ocrx_word' id='word_1_187' title='bbox 387 3365 437 3408; x_wconf 87' lang='lat' dir='ltr'><strong>est</strong></span> <span class='ocrx_word' id='word_1_188' title='bbox 449 3349 511 3409; x_wconf 90' lang='lat' dir='ltr'><strong>hoc</strong></span> <span class='ocrx_word' id='word_1_189' title='bbox 520 3366 694 3409; x_wconf 87' lang='lat' dir='ltr'><strong>commune</strong></span> <span class='ocrx_word' id='word_1_190' title='bbox 708 3346 827 3410; x_wconf 87' lang='lat' dir='ltr'><strong>vitium</strong></span> <span class='ocrx_word' id='word_1_191' title='bbox 841 3356 873 3407; x_wconf 80' lang='lat' dir='ltr'><strong>et</strong></span> <span class='ocrx_word' id='word_1_192' title='bbox 885 3359 1080 3429; x_wconf 87' lang='lat' dir='ltr'><strong>perpetuum</strong></span> <span class='ocrx_word' id='word_1_193' title='bbox 1097 3372 1107 3419; x_wconf 92' lang='lat'>;</span> <span class='ocrx_word' id='word_1_194' title='bbox 1130 3345 1179 3407; x_wconf 90' lang='lat' dir='ltr'><strong>in·</strong></span> 
     </span>
    </p>

    <p class='ocr_par' dir='ltr' id='par_1_18' title="bbox 162 3467 1177 3558">
     <span class='ocr_line' id='line_1_25' title="bbox 162 3467 1177 3558; baseline 0.003 -29"><span class='ocrx_word' id='word_1_195' title='bbox 162 3467 411 3531; x_wconf 74' lang='lat' dir='ltr'><strong>rideturauttm</strong></span> <span class='ocrx_word' id='word_1_196' title='bbox 422 3469 586 3551; x_wconf 80' lang='lat' dir='ltr'><strong>praestanti</strong></span> <span class='ocrx_word' id='word_1_197' title='bbox 598 3470 790 3558; x_wconf 81' lang='lat' dir='ltr'><strong>florentique</strong></span> <span class='ocrx_word' id='word_1_198' title='bbox 802 3470 967 3556; x_wconf 48' lang='lat' dir='ltr'><strong>fortunae)</strong></span> <span class='ocrx_word' id='word_1_199' title='bbox 990 3485 1025 3532; x_wconf 91' lang='lat' dir='ltr'><strong>ut</strong></span> <span class='ocrx_word' id='word_1_200' title='bbox 1043 3471 1119 3538; x_wconf 84' lang='lat' dir='ltr'><strong>haec</strong></span> <span class='ocrx_word' id='word_1_201' title='bbox 1142 3493 1177 3532; x_wconf 92' lang='lat' dir='ltr'><strong>o·</strong></span> 
     </span>
    </p>

    <p class='ocr_par' dir='ltr' id='par_1_19' title="bbox 165 3587 1175 3678">
     <span class='ocr_line' id='line_1_26' title="bbox 165 3587 1175 3678; baseline 0.005 -30"><span class='ocrx_word' id='word_1_202' title='bbox 165 3587 256 3669; x_wconf 85' lang='lat' dir='ltr'><strong>pinio</strong></span> <span class='ocrx_word' id='word_1_203' title='bbox 267 3588 444 3671; x_wconf 83' lang='lat' dir='ltr'><strong>minuatur,</strong></span> <span class='ocrx_word' id='word_1_204' title='bbox 453 3602 485 3652; x_wconf 87' lang='lat' dir='ltr'><strong>et</strong></span> <span class='ocrx_word' id='word_1_205' title='bbox 498 3588 554 3652; x_wconf 89' lang='lat' dir='ltr'><strong>illa</strong></span> <span class='ocrx_word' id='word_1_206' title='bbox 573 3591 735 3656; x_wconf 85' lang='lat' dir='ltr'><strong>excellens</strong></span> <span class='ocrx_word' id='word_1_207' title='bbox 761 3589 913 3678; x_wconf 88' lang='lat' dir='ltr'><strong>opinione</strong></span> <span class='ocrx_word' id='word_1_208' title='bbox 940 3589 1072 3652; x_wconf 83' lang='lat' dir='ltr'><strong>fortuna</strong></span> <span class='ocrx_word' id='word_1_209' title='bbox 1098 3611 1175 3653; x_wconf 90' lang='lat' dir='ltr'><strong>cum</strong></span> 
     </span>
    </p>
   </div>
   <div class='ocr_carea' id='block_1_7' title="bbox 1004 3713 1171 3784">
    <p class='ocr_par' dir='ltr' id='par_1_20' title="bbox 1004 3713 1171 3784">
     <span class='ocr_line' id='line_1_27' title="bbox 1004 3713 1171 3784; baseline 0.012 -8"><span class='ocrx_word' id='word_1_210' title='bbox 1004 3713 1171 3784; x_wconf 86' lang='lat' dir='ltr'><strong>laboribus</strong></span> 
     </span>
    </p>
   </div>
   <div class='ocr_carea' id='block_1_8' title="bbox 162 3990 1264 4188">
    <p class='ocr_par' dir='ltr' id='par_1_21' title="bbox 162 3990 1264 4188">
     <span class='ocr_line' id='line_1_28' title="bbox 195 3990 1264 4075; baseline 0.013 -28"><span class='ocrx_word' id='word_1_211' title='bbox 195 3997 519 4069; x_wconf 58' lang='lat' dir='ltr'><strong>&#39;mentiemini</strong></span> <span class='ocrx_word' id='word_1_212' title='bbox 528 4025 539 4061; x_wconf 87' lang='lat'><strong>,·</strong></span> <span class='ocrx_word' id='word_1_213' title='bbox 556 4001 735 4070; x_wconf 38' lang='lat' dir='ltr'><strong>personunfear</strong></span> <span class='ocrx_word' id='word_1_214' title='bbox 745 3999 773 4067; x_wconf 69' lang='grc' dir='ltr'><strong>(ἰ.</strong></span> <span class='ocrx_word' id='word_1_215' title='bbox 791 3993 919 4065; x_wconf 54' lang='lat' dir='ltr'><strong>astulfo?</strong></span> <span class='ocrx_word' id='word_1_216' title='bbox 927 3994 1043 4047; x_wconf 58' lang='lat' dir='ltr'><strong>‘metm</strong></span> <span class='ocrx_word' id='word_1_217' title='bbox 1059 3991 1143 4063; x_wconf 52' lang='grc' dir='ltr'><strong>ΒΜ)</strong></span> <span class='ocrx_word' id='word_1_218' title='bbox 1156 3990 1177 4039; x_wconf 61' lang='lat'><strong>3⁸</strong></span> <span class='ocrx_word' id='word_1_219' title='bbox 1260 4065 1264 4075; x_wconf 30' lang='lat' dir='ltr'>f</span> 
     </span>
     <span class='ocr_line' id='line_1_29' title="bbox 162 4102 535 4188; baseline 0.011 -35"><span class='ocrx_word' id='word_1_220' title='bbox 162 4116 232 4153; x_wconf 89' lang='lat' dir='ltr'><strong>more</strong></span> <span class='ocrx_word' id='word_1_221' title='bbox 242 4102 337 4152; x_wconf 78' lang='lat' dir='ltr'><strong>intenae</strong></span> <span class='ocrx_word' id='word_1_222' title='bbox 347 4119 376 4151; x_wconf 86' lang='lat' dir='ltr'><strong>or</strong></span> <span class='ocrx_word' id='word_1_223' title='bbox 385 4106 535 4188; x_wconf 33' lang='lat' dir='ltr'><strong>vehementr</strong></span> 
     </span>
    </p>
   </div>
   <div class='ocr_carea' id='block_1_9' title="bbox 162 4200 1174 4370">
    <p class='ocr_par' dir='ltr' id='par_1_22' title="bbox 162 4200 1174 4370">
     <span class='ocr_line' id='line_1_30' title="bbox 194 4200 1174 4274; baseline -0.01 -16"><span class='ocrx_word' id='word_1_224' title='bbox 194 4207 267 4271; x_wconf 87' lang='lat' dir='ltr'><strong>†For</strong></span> <span class='ocrx_word' id='word_1_225' title='bbox 276 4221 341 4260; x_wconf 74' lang='lat' dir='ltr'><strong>raum</strong></span> <span class='ocrx_word' id='word_1_226' title='bbox 353 4224 424 4261; x_wconf 79' lang='lat' dir='ltr'><strong>some</strong></span> <span class='ocrx_word' id='word_1_227' title='bbox 433 4211 540 4264; x_wconf 85' lang='lat' dir='ltr'><strong>editions</strong></span> <span class='ocrx_word' id='word_1_228' title='bbox 547 4215 611 4266; x_wconf 81' lang='lat' dir='ltr'><strong>have</strong></span> <span class='ocrx_word' id='word_1_229' title='bbox 620 4211 689 4272; x_wconf 79' lang='lat' dir='ltr'><strong>tanti,</strong></span> <span class='ocrx_word' id='word_1_230' title='bbox 700 4209 785 4261; x_wconf 86' lang='lat' dir='ltr'><strong>which</strong></span> <span class='ocrx_word' id='word_1_231' title='bbox 792 4206 901 4259; x_wconf 83' lang='lat' dir='ltr'><strong>doesnot</strong></span> <span class='ocrx_word' id='word_1_232' title='bbox 911 4221 1008 4274; x_wconf 76' lang='lat' dir='ltr'><strong>answer</strong></span> <span class='ocrx_word' id='word_1_233' title='bbox 1025 4220 1053 4255; x_wconf 81' lang='lat' dir='ltr'><strong>so</strong></span> <span class='ocrx_word' id='word_1_234' title='bbox 1075 4200 1130 4255; x_wconf 85' lang='lat' dir='ltr'><strong>well</strong></span> <span class='ocrx_word' id='word_1_235' title='bbox 1150 4209 1174 4248; x_wconf 78' lang='lat' dir='ltr'><strong>tu</strong></span> 
     </span>
     <span class='ocr_line' id='line_1_31' title="bbox 162 4307 1141 4370; baseline -0.014 -9"><span class='ocrx_word' id='word_1_236' title='bbox 162 4319 247 4370; x_wconf 76' lang='lat' dir='ltr'><strong>quanta</strong></span> <span class='ocrx_word' id='word_1_237' title='bbox 258 4312 342 4363; x_wconf 85' lang='lat' dir='ltr'><strong>which</strong></span> <span class='ocrx_word' id='word_1_238' title='bbox 353 4310 457 4364; x_wconf 76' lang='lat' dir='ltr'><strong>follows.</strong></span> <span class='ocrx_word' id='word_1_239' title='bbox 1139 4307 1141 4312; x_wconf 84' lang='grc'><em>·</em></span> 
     </span>
    </p>
   </div>
   <div class='ocr_carea' id='block_1_10' title="bbox 0 0 1389 4950">
    <p class='ocr_par' dir='ltr' id='par_1_23' title="bbox 0 0 1389 4950">
     <span class='ocr_line' id='line_1_32' title="bbox 0 0 1389 4950; baseline 0 0"><span class='ocrx_word' id='word_1_240' title='bbox 0 0 1389 4950; x_wconf 95' lang='lat' dir='ltr'><strong> </strong></span> 
     </span>
    </p>
   </div>
  </div>
 </body>
</html>
