2742 4950
478 328 682 422 brana
727 357 774 419 11.
818 365 872 421 29.
1105 370 1163 428 151

154 549 251 596 reum
263 526 478 605 consularem,
488 539 521 591 et
533 524 788 612 ejusdiloricare
805 524 962 604 tunicam,
993 540 1027 588 et
1045 527 1169 612 judici·

161 655 225 717 bus
254 624 420 717 cicatrices
444 651 597 714 adversas
624 648 715 711 senis
739 647 943 731 imperatoris
966 655 1165 719 ostendere?

159 773 218 857 qni
232 772 331 845 idem,
345 772 407 834 hoc
420 783 592 834 accusante
614 765 767 850 Sulpitio,
791 787 866 829 cum
888 767 1055 833 hominem
1083 773 1169 836 sedi·

157 896 279 958 tiosum
293 893 521 974 furiosumque
536 887 741 966 defenderet,
762 909 828 953 non
853 890 1015 955 dubitavit
1037 895 1169 960 seditio·

155 1040 213 1082 nes
222 1019 308 1102 ipsas
322 1037 451 1092 ornare,
464 1027 498 1078 et
506 1016 732 1079 demonstrare
746 1006 951 1092 gravissimis
963 1013 1072 1076 verbis
1087 1015 1170 1080 mul·

153 1154 205 1203 tos
220 1162 306 1224 saepe
320 1139 463 1222 impetus
478 1133 590 1219 populi
613 1151 680 1193 non
702 1128 840 1213 injustos
865 1153 949 1210 esse,
974 1155 1057 1217 quos
1080 1157 1171 1231 ppaes.

153 1278 225 1329 tare
237 1284 336 1330 nemo
347 1260 475 1345 possit?
498 1256 764 1342 multasvetiame
790 1257 995 1342 Republica*
1015 1261 1171 1325 sedition·

153 1408 192 1473 cs
207 1407 291 1467 saepe
301 1406 373 1447 esse
382 1381 495 1456 factas,
507 1392 544 1442 ut
556 1401 630 1441 cum
642 1400 737 1464 reges
762 1394 870 1445 essent
891 1383 1009 1463 exacti,
1037 1398 1073 1448 ut
1096 1407 1172 1449 cum

155 1501 336 1565 tribunicia
345 1512 487 1584 potestas
497 1511 584 1562 esset
593 1498 790 1562 constituta?
826 1499 917 1563 illam
942 1500 1092 1566 Norbani
1120 1526 1170 1569 se·

156 1616 322 1679 ditionem
335 1637 377 1678 ex
388 1615 479 1680 luctu
492 1615 628 1693 civium,
639 1629 721 1679 etex
736 1615 893 1699 Caepionis
917 1618 1005 1698 odio,
1032 1621 1088 1703 qui
1115 1642 1170 1686 ex·

159 1736 298 1801 ercitum
310 1736 477 1812 amiserat,
490 1754 598 1816 neque
611 1732 745 1815 reprimi
769 1734 927 1816 potuisse,
946 1750 979 1800 et
995 1738 1070 1823 jure
1098 1762 1175 1810 esse,

160 1853 331 1916 conflatam
346 1851 357 1912 ἓ
382 1850 496 1929 Potuit
505 1848 560 1911 hic
573 1849 666 1911 locus
677 1861 747 1910 tam
761 1869 890 1933 anceps,
903 1863 972 1913 tam
993 1851 1172 1933 inauditus,

157 1983 225 2033 tam
236 1968 393 2045 lubricus,
405 1980 475 2030 tam
489 1956 607 2044 novus,
622 1965 692 2027 sine
704 1963 847 2045 quadam
872 1963 1056 2029 incredibili
1076 1967 1111 2029 vi
1135 1989 1172 2032 ac

159 2092 313 2156 facultate
328 2091 456 2156 dicendi
470 2089 631 2155 tractari?
655 2089 749 2166 Quid
774 2110 836 2173 ego
857 2089 899 2153 de
919 2088 980 2151 Cn.
1035 2090 1171 2170 Manlii,

162 2216 294 2298 quidde
310 2215 353 2290 Q.
369 2215 473 2301 Regis
487 2215 769 2279 commiseratione
782 2214 913 2279 dicam?
936 2213 1016 2296 quid
1036 2216 1076 2281 de
1098 2216 1172 2281 aliis

162 2337 476 2402 innumerabilibus?
501 2340 675 2423 inquibus
699 2326 762 2401 hoc
787 2358 853 2401 non
877 2336 1029 2403 maxime
1043 2338 1172 2420 enituit,

162 2455 251 2536 quod
264 2453 323 2518 tibi
337 2474 450 2518 omnes
465 2455 555 2537 dant,
570 2479 709 2522 acumen
723 2457 887 2541 quoddam
901 2455 1063 2540 singulare
1080 2484 1089 2532 ς
1112 2462 1171 2526 sed

159 2578 223 2642 hac
236 2578 318 2663 ipsa,
332 2602 403 2663 quae
418 2601 505 2643 nunc
517 2580 560 2641 ad
574 2601 627 2641 me
642 2576 866 2663 delegare,vis
879 2600 918 2644 ea
931 2598 1058 2663 semper
1078 2578 1112 2641 in
1137 2592 1169 2642 te
1223 2647 1227 2658 ,

161 2697 285 2763 eximia
298 2696 529 2781 etpraestantia
537 2693 681 2756 fuerunt.

206 2936 220 3012 l
248 2936 375 3002 XXIX.
423 2936 514 2999 Tum
524 2939 672 3021 Catulus,
688 2940 762 3027 Ego
772 2964 862 3022 vero,
876 2945 992 3030 inquit,
1019 2948 1053 3011 in
1078 2954 1172 3017 vobis

162 3056 228 3118 hoc
237 3055 378 3120 maxime
391 3056 547 3122 admirari
556 3061 658 3143 soleo,
673 3062 774 3145 quod,
785 3084 865 3166 curn⁸
881 3063 965 3128 inter
989 3087 1048 3127 vos
1068 3069 1103 3131 in
1123 3073 1172 3137 di.

163 3180 267 3245 cendo
281 3179 495 3245 dissimillimi
509 3184 595 3264 sitis,
606 3185 653 3249 ita
674 3200 785 3251 tamen
807 3198 940 3267 uterque
956 3200 1102 3252 vestrum
1125 3194 1174 3258 di·

167 3314 231 3379 cat,
245 3290 284 3365 ut
295 3302 325 3367 ei
338 3304 421 3367 nihil
433 3326 538 3389 neque
554 3327 575 3368 a
585 3321 701 3373 natura
713 3312 923 3395 denegatum,
933 3331 1038 3394 neque
1054 3332 1073 3374 a
1097 3310 1173 3375 doc·

167 3419 257 3482 trina
266 3441 331 3483 non
341 3424 485 3487 delatum
498 3447 568 3489 esse
582 3426 743 3493 videatur.
784 3431 907 3510 Quare,
920 3430 1050 3510 Crasse,
1067 3451 1172 3514 neque

163 3556 200 3605 tu
210 3557 269 3607 tua
280 3546 440 3611 suavitate
453 3570 512 3613 nos
521 3552 676 3635 privabis,
701 3569 738 3617 ut
753 3557 781 3619 si
795 3557 875 3641 quid
889 3559 927 3621 ab
951 3557 1097 3621 Antonio
1119 3566 1174 3616 aut

130 3655 137 3671 '
166 3664 423 3746 praetermissum
437 3682 493 3732 aut
504 3670 656 3735 relictum
669 3673 724 3752 sit,
739 3694 804 3738 non
817 3678 959 3762 explices
974 3702 983 3752 ;
1005 3697 1110 3760 neque
1129 3690 1174 3757 te,

168 3782 307 3861 Antoni,
320 3785 349 3847 si
363 3788 443 3871 quid
456 3810 522 3853 non
534 3792 670 3873 dixeris,
681 3795 942 3862 existimabimus
952 3819 1018 3861 non
1030 3797 1175 3882 potuisse

167 3899 401 3986 potius,quam
428 3932 448 3974 a
470 3911 589 3978 Crasso
615 3915 681 3979 dici
708 3918 875 3983 maluisse.
934 3921 1000 3986 Hic
1026 3921 1177 4002 Crassus,

93 4055 95 4059 ⁴
169 4022 319 4106 Quinto,
339 4028 456 4114 inquit,
481 4036 619 4116 Antoni,
650 4040 776 4105 omittis
797 4021 861 4108 ista
878 4065 947 4128 quae
966 4043 1175 4130 proposuisti,

1104 4181 1174 4246 quae

197 4319 210 4346 ⁶
220 4320 247 4370 B
256 4321 383 4389 republica,
394 4325 434 4378 for
444 4330 487 4388 tlte
495 4329 561 4395 good
570 4347 599 4384 or
608 4332 688 4400 safety
698 4337 729 4389 of
735 4340 778 4389 the
786 4343 1007 4395 commonwealth:
