2742 4950
170 370 211 437 η’
454 360 936 426 DrOnA'r-onr‘

75 584 79 589 .
169 533 282 599 ueritis
297 556 304 617 ς
330 526 518 593 incredibile
533 541 583 593 est
596 529 696 607 enim,
709 548 808 611 quam
821 527 864 590 sit
877 545 973 590 omne
983 527 1040 612 jus
1064 529 1182 609 civile,

166 669 282 743 praeter
293 655 354 715 hoc
367 666 528 729 nostrum,
551 651 757 715 inconditum
770 671 807 714 ac
819 671 907 735 paene
921 648 1097 714 ridiculum
1111 674 1120 712 z
1140 651 1188 715 de

166 799 230 859 quo
243 777 345 841 multa
358 778 447 839 soleo
467 777 502 837 in
514 776 718 839 sermonibus
732 774 931 857 quotidianis
950 772 1073 851 dicere,
1097 793 1188 835 cum

165 894 337 958 hominum
362 908 547 957 nostrorum
570 895 775 978 prudentiam
802 893 923 957 caeteris
946 892 1109 972 omnibus,
1144 906 1190 956 et

168 1020 310 1082 maxime
325 1017 461 1096 Grecis,
474 1030 644 1099 antepono.
681 1017 745 1079 His
756 1038 817 1101 ego
831 1018 870 1082 de
881 1017 1003 1081 caussis
1012 1015 1186 1095 dixeram,

144 1180 153 1233 3
171 1140 325 1239 Scaevola,
338 1139 448 1219 iis,qui
457 1138 593 1220 perfecti
603 1152 746 1202 oratores
754 1136 963 1217 essevellent,
972 1138 1058 1223 juris
1067 1135 1193 1199 civilis

171 1260 391 1346 coguitionem
402 1280 473 1322 esse
486 1258 717 1322 necessariam.

213 1510 226 1585 l
250 1512 358 1578 XLV·
404 1512 478 1591 Jam
491 1533 570 1574 vero
584 1511 654 1594 ipsa
666 1532 723 1593 per
736 1531 806 1573 sese
827 1518 986 1590 quantum
1000 1504 1111 1569 afferat
1125 1506 1190 1586 iis,
1200 1518 1213 1529 ‘

170 1627 225 1710 qui
239 1630 269 1692 ei
281 1643 434 1713 praesunt,
446 1631 591 1706 honoris,
606 1630 731 1714 gratiae,
746 1614 927 1711 dignitatis,
941 1625 1014 1708 quis
1030 1624 1185 1707 ignorati

172 1750 299 1834 ltaque,
320 1767 356 1815 ut
369 1755 455 1837 apud
470 1755 603 1822 Graecos
618 1754 722 1816 infimi
735 1752 896 1830 homines,
920 1748 1109 1813 mercedula
1121 1747 1186 1811 ad-

171 1854 453 1959 auctemintsses
467 1879 653 1963 seproebent
666 1876 845 1961 injuncta
858 1873 1053 1951 oratoribus,
1070 1873 1107 1950 n,
1122 1872 1189 1954 qut

172 2003 256 2077 apud
281 2001 354 2060 illos
378 2004 594 2085 pragmatikoi
616 2012 793 2073 vocantur;
816 1999 910 2061 sicin
922 2011 1034 2060 nostra
1052 1994 1193 2061 civitate

171 2127 284 2176 contra
303 2116 524 2197 amplissimus
546 2118 681 2200 quisque
704 2134 738 2179 ct
761 2118 960 2182 clarissimus
980 2119 1044 2195 vir,
1066 2110 1191 2194 u'tillc,

173 2234 229 2319 qui
241 2246 373 2317 propter
384 2234 466 2296 hanc
483 2233 568 2320 juris
583 2234 692 2297 civilis
706 2236 879 2298 scientiam
901 2241 950 2302 sic
964 2236 1150 2320 appellatus
1173 2255 1195 2297 a
1267 2326 1269 2335 J

174 2383 303 2427 summo
315 2375 412 2445 poeta
425 2375 475 2425 est

239 2487 382 2571 Egregie
404 2486 549 2550 cordatus
573 2487 659 2551 homo
686 2483 807 2547 Catus*
829 2482 945 2562 AEliu’†
973 2485 1116 2552 Sextus,-

176 2613 335 2692 multique
355 2623 518 2691 praterea,
533 2613 600 2691 qui,
614 2601 690 2675 cum
707 2610 837 2695 ingenio
851 2608 913 2670 sibi
927 2620 1057 2671 auctore
1072 2605 1185 2691 digni·
1252 2609 1259 2627 '

175 2746 277 2797 tatem
297 2729 504 2813 reperissent,
528 2730 748 2811 perfecerunt,
773 2747 811 2793 ut
824 2733 859 2794 in
872 2725 1099 2816 respondendo
1108 2733 1189 2816 jure

176 2854 367 2923 auctoritate
393 2854 463 2937 plus
491 2852 602 2930 ctiam,
629 2873 728 2932 quam
754 2852 826 2933 ipso
853 2852 1001 2936 ingenio,
1027 2859 1189 2924 valerent.¹
1264 2878 1271 2908 ³

81 3054 84 3060 ,
177 2976 342 3043 Senectuti
365 2994 443 3039 vero
466 2973 663 3036 celebrandae
679 2974 878 3057 etornandae
902 2976 992 3057 quod
1015 2977 1191 3046 honestius

175 3107 282 3180 potest
295 3114 364 3156 esse
377 3089 576 3176 perfugium,
597 3109 694 3172 quam
703 3089 788 3175 juris
802 3089 1026 3174 interpretatio
1042 3094 1053 3155 ἓ
1083 3081 1193 3176 Equi.

1368 3168 1369 3190 l

162 3211 347 3295 demmihi
355 3213 417 3275 hoc
426 3210 607 3275 subsidium
615 3211 687 3296 jam
698 3213 737 3273 ab
752 3210 972 3276 adolescentia
985 3218 1187 3298 comparavi,
1285 3288 1287 3292 ,
1368 3279 1369 3286 ,

176 3354 243 3396 uon
254 3331 360 3396 solum
373 3334 415 3395 ad
458 3349 642 3394 caussarum
655 3355 752 3396 usum
765 3334 940 3415 forensem,
962 3329 1022 3402 se‘d
1035 3337 1134 3403 etiam
1146 3343 1192 3405 ad

178 3463 280 3527 decus
291 3472 387 3541 atque
400 3472 626 3527 ornamentum
639 3462 816 3525 senectutis
832 3487 841 3525 t
864 3478 911 3543 ut,
934 3486 1008 3526 cum
1030 3487 1082 3529 me
1097 3468 1186 3532 vires

1079 3593 1186 3677 (quod
1251 3602 1256 3612 “

204 3788 217 3815 ’
236 3791 315 3850 Cattae,
332 3794 394 3864 wire,
406 3789 511 3858 predere,
520 3793 646 3864 judiciari.
681 3792 707 3844 lt
724 3796 745 3844 is
760 3796 820 3844 here
838 3799 879 3844 the
896 3813 1041 3862 cognomen
1051 3796 1082 3846 of
1097 3799 1191 3848 Sextm

172 3889 252 3943 AElius.
298 3894 367 3964 Plirp
381 3897 442 3944 Nat.
460 3896 528 3943 Ilist.
545 3898 606 3945 Vll.
624 3896 665 3947 31.
699 3895 1092 3963 Relipritanimibonirpraertitere
1101 3909 1189 3948 cerem

171 3987 283 4041 matulo
299 3994 431 4058 sapientior
447 3993 474 4042 ob
490 3993 516 4044 il
531 3997 592 4054 Cari,
609 3997 699 4047 Corculi
715 3995 778 4065 apud
792 3996 920 4056 Rmrwnor,
939 3998 1101 4065 sagacissimi.

205 4092 313 4155 †AEliu'
332 4095 353 4142 is
370 4096 431 4145 used
448 4097 487 4146 for
503 4099 599 4168 AEliuh
629 4102 687 4151 The
704 4112 772 4151 most
788 4103 885 4152 ancient
902 4104 1005 4153 Roman
1021 4113 1100 4169 poete,
1129 4117 1184 4168 par·

173 4192 281 4256 ticularly
300 4196 369 4244 those
385 4200 444 4246 who
460 4211 537 4249 wrote
554 4200 686 4261 comedies,
717 4202 851 4271 frequently
870 4216 923 4254 cest
939 4221 1010 4270 away
1027 4223 1039 4254 r
1058 4205 1126 4256 from
1142 4205 1184 4255 th·
1241 4219 1243 4222 ’

140 4281 148 4300 ⁸
175 4285 224 4339 cad
240 4281 298 4343 osa
315 4294 391 4370 ugord.
410 4298 440 4363 by
459 4313 491 4349 an
509 4279 663 4366 apostrophe.
836 4295 838 4302 <
1282 4275 1286 4284 t
