2742 4950
467 382 670 450 Lassa
714 384 742 445 Ι.
788 390 842 446 49.
1130 394 1173 454 εγ

160 523 302 647 'reliquis
314 551 418 629 rebus,
432 572 499 634 que
513 564 621 616 essent
630 549 769 634 propriae
791 548 869 610 belli
895 545 1169 614 administrandi:

161 677 373 759 quarumqui
388 689 496 738 essent
507 675 618 738 animo
633 687 665 735 et
677 671 815 736 scientia
826 694 939 757 compo
946 689 1006 751 tes,
1027 694 1088 738 eos
1098 694 1172 739 esu

161 798 374 881 imperatores
388 770 539 863 dicerem‘
547 822 555 859 z
578 812 754 879 utererque
766 794 925 877 exemplis
939 796 1174 861 Africanorum

161 906 452 982 etMaximorum:
469 918 732 1001 Epaminondam
742 928 840 997 atque
855 911 1065 995 Annibalem,
1077 931 1173 1000 atque

158 1041 230 1126 ejus
240 1043 374 1126 generis
388 1014 539 1104 homines
551 1040 770 1102 nominarem.
817 1037 877 1098 Sin
886 1051 995 1099 autem
1018 1059 1174 1119 quaerere-

158 1162 246 1244 mus,
260 1165 336 1247 quis
350 1166 493 1239 essetis,
520 1164 577 1243 qui
599 1161 642 1221 ad
669 1159 919 1241 Rempublicam
940 1160 1174 1222 moderandam

158 1305 261 1347 usum
279 1299 314 1345 et
328 1282 501 1344 scientiam
514 1294 547 1344 et
561 1279 706 1343 studium
720 1301 814 1346 suum
838 1278 1041 1356 contulisset,
1064 1279 1178 1343 defini·

160 1423 240 1469 rem
253 1405 320 1466 hoc
346 1406 453 1477 mode,
479 1390 546 1475 Qui
566 1402 685 1483 quihus
710 1403 805 1466 rebus
828 1401 952 1464 utilitas
979 1399 1176 1483 Reipublicn‘

158 1506 336 1604 pararetur
349 1534 599 1606 augereturque,
612 1529 759 1598 teneret,
784 1520 888 1602 iisque
908 1533 1063 1597 uteretur,
1088 1518 1175 1581 huuc

160 1646 364 1731 Reipublicae
377 1662 539 1723 rectorem
568 1660 601 1710 et
627 1645 756 1709 consilii
777 1647 898 1732 publici
921 1662 1086 1712 auctorem
1101 1666 1173 1711 esse

160 1766 350 1832 habendum
365 1792 374 1839 ;
397 1767 673 1850 praedicaremque
687 1765 725 1826 Ρ.
742 1765 931 1844 Lentulum,
943 1766 1126 1849 principem
1136 1763 1175 1825 il-

158 1887 240 1966 lum,
268 1901 301 1949 et
315 1878 394 1949 Tib.
410 1887 597 1950 Gracchum
609 1897 750 1968 patrem,
762 1897 796 1946 et
807 1884 851 1959 Q.
868 1884 1056 1961 Metellum,
1079 1895 1113 1943 et
1136 1881 1177 1943 Ρ.
1206 1930 1210 1935 .

160 2005 371 2083 Africanum,
381 2019 414 2069 et
426 2005 465 2067 C.
478 2005 626 2082 Laelium,
640 2017 673 2065 et
700 2000 954 2066 innumerabiles
978 2001 1060 2064 alios
1099 2019 1176 2061 cum

158 2139 203 2185 ex
211 2136 329 2185 nostra
337 2124 596 2219 ciuitate,*·tum
609 2147 650 2188 ex
662 2123 806 2192 caeteris.
853 2124 918 2187 Sin·
926 2138 1036 2188 autem
1053 2142 1175 2207 quaere·

81 2252 87 2262 “
158 2254 268 2322 retur,
282 2245 428 2326 quisnam
435 2246 685 2332 jurisconsultus
696 2270 774 2312 vere
788 2249 1024 2325 nominaretur,
1035 2268 1112 2309 eum
1125 2247 1173 2308 di·

156 2383 283 2444 cerem,
298 2358 366 2442 Qui
375 2368 487 2453 legum
503 2383 538 2431 et
556 2368 802 2434 consuetudinis
823 2370 905 2452 ejus,
918 2390 984 2447 qua
1001 2366 1121 2447 privati
1144 2367 1179 2426 in
1240 2354 1242 2361 '

167 2479 299 2547 civitate
314 2498 496 2563 uterentur,
504 2498 537 2547 et
549 2486 592 2545 ad
604 2483 885 2564 respondendum,
893 2492 926 2540 et
938 2452 985 2541 ad.
1005 2477 1178 2564 agendum,

167 2611 256 2672 etad
271 2606 737 2688 cavendum,peritusesset:
775 2617 807 2668 ct
828 2623 928 2667 exeo
955 2625 1072 2689 genere
1100 2603 1176 2668 Sex.

164 2730 308 2805 AElium,
320 2729 376 2790 Μ’
392 2723 586 2801 Manilium,
597 2723 635 2790 Ρ.
651 2723 798 2788 Mutium
811 2725 1024 2793 nominarem.

210 2971 226 3048 l
251 2969 377 3034 XLIX.
426 2968 550 3050 Atque,
559 2979 595 3030 ut
601 2966 673 3054 jam
686 2970 859 3052 adleviora
872 2972 991 3034 artium
1005 2972 1114 3034 studia
1122 2990 1178 3033 ve-

166 3090 269 3168 uiam,
284 3090 312 3152 si
334 3088 491 3168 musicuS,
510 3089 538 3151 si
565 3090 811 3173 grammaticus,
836 3091 863 3150 si
887 3103 984 3172 poeta
1006 3104 1179 3177 quaeratur,

167 3215 295 3298 possim
307 3214 459 3276 similiter
472 3213 648 3297 explicare,
662 3213 743 3294 quid
756 3231 870 3272 eorum
884 3211 1020 3293 quisque
1031 3213 1179 3296 profitea-

26 3321 28 3330 ’
64 3377 66 3382 .
168 3342 238 3403 tur,
273 3341 305 3388 et
329 3350 392 3409 quo
417 3351 483 3390 non
505 3329 642 3416 amplius
667 3330 706 3391 ab
728 3349 858 3411 quoque
882 3329 925 3391 sit
939 3331 1177 3413 postulandum.

168 3445 366 3529 Philosophi
400 3448 539 3530 denique
574 3447 688 3531 ipsius,
700 3445 756 3527 qui
770 3446 810 3510 de
847 3469 905 3511 sua
946 3448 979 3509 vi
1020 3471 1057 3520 ac
1095 3450 1179 3531 sapi·
1228 3467 1238 3550 ,¹

112 3663 116 3668 ἱ
159 3572 349 3666 4(εῐιῑὶεᾳιιιιιιιιε
364 3573 474 3640 omnia
509 3596 594 3658 paene
623 3574 804 3657 profitetur,
828 3586 1006 3650 esttamen
1033 3554 1179 3657 quadam

169 3679 357 3780 descriptm,
371 3713 408 3761 ut
419 3700 459 3780 is,
474 3703 530 3781 qui
539 3699 677 3782 studeat⁹
687 3698 835 3787 omnium
860 3719 969 3762 rerum
995 3698 1181 3772 diuinarum

111 3867 114 3874 .
141 3818 498 3897 ‚atquehumanarum
510 3812 591 3900 vim,
624 3832 776 3885 naturam
800 3838 992 3903 caussasque
1014 3839 1122 3900 nosse,
1147 3791 1184 3883 er

1048 3957 1179 4012 omnem

195 4144 209 4171 ⁶
227 4144 261 4191 In
276 4147 344 4195 these
359 4145 493 4209 dialogues,
511 4147 594 4196 ciuitas
611 4145 750 4211 frequently
767 4159 856 4195 meam
871 4149 914 4198 the
931 4146 1040 4197 Roman
1052 4154 1183 4193 commone

138 4317 142 4342 1
169 4244 271 4294 wealth.
306 4247 331 4295 lt
342 4248 489 4297 sometimes
499 4245 600 4297 denotes
617 4249 687 4297 other
695 4258 878 4311 governments.
912 4249 992 4306 Thus,
1017 4237 1183 4321 imedietelp

164 4346 231 4409 efter
247 4350 351 4415 ciuitate,
366 4353 464 4407 “Cicero
481 4349 550 4414 adele,
567 4363 620 4408 rum
636 4352 776 4409 excuteris.
