2742 4950
444 398 511 465 [Α
536 421 600 470 ar
623 420 646 465 r
690 401 725 463 Ι,
764 404 825 463 54..
1105 414 1158 473 ss·

127 579 221 653 ,ante
237 567 366 633 dicebas
381 588 389 639 ;
413 581 457 644 et,
479 520 507 630 si
519 566 579 630 tibi
593 587 651 651 pro
666 568 704 629 Ρ.
718 563 845 629 Rutilio
858 583 923 627 non
937 564 1146 651 philosopho-

141 714 219 757 rum
230 712 332 772 more,
345 695 403 757 sed
414 705 471 754 tuo
482 691 630 756 licuisset
641 690 766 763 dicere,
778 689 925 773 quamvis
938 691 1086 756 scelerati
1098 691 1147 755 illi

139 808 291 883 fuissent,
303 810 401 873 sicuti
410 809 552 883 fuerunt,
564 807 709 892 pestiferi
719 808 806 873 cives
816 809 1033 894 supplicioque
1043 812 1148 897 digni,

139 940 251 994 tamen
264 950 400 994 omnem
414 951 528 996 eorum
542 929 821 1014 importunitatem
833 951 875 993 ex
886 930 1017 1003 ,intimis
1031 934 1147 997 menti.

138 1047 197 1112 bus
211 1052 381 1116 evellisset
397 1050 449 1114 vis
459 1050 616 1114 orationis
630 1064 705 1111 tuae.
751 1051 851 1111 Nunc
861 1049 935 1111 talis
948 1051 999 1112 vir
1012 1044 1157 1152 amissus.

139 1185 201 1249 est,
224 1174 311 1236 dum
324 1194 440 1236 caussa
462 1172 509 1233 ita
522 1170 656 1246 dicitur,
682 1183 719 1231 ut
741 1170 769 1231 si
793 1168 826 1230 in
849 1169 904 1232 illa
927 1171 1151 1238 commentitia

138 1291 295 1356 Platonis
319 1292 456 1357 civitate,
477 1309 530 1350 res
554 1301 722 1372 ageretur:
747 1308 843 1351 nemo
857 1288 1028 1372 ingemuit,
1051 1311 1148 1359 nemo

138 1406 338 1475 inclamavit
351 1419 569 1488 patronorum,
593 1403 675 1464 nihil
689 1404 840 1485 cuiquam
852 1406 974 1491 doluit,
992 1427 1088 1470 nemo
1099 1423 1149 1472 est

113 1528 116 1537 '
134 1541 289 1610 questus,
300 1548 397 1590 nemo
413 1506 661 1609 Rempublicam
674 1524 871 1608 imploravit,
884 1547 980 1593 nemo
991 1527 1146 1619 supplica·

136 1654 237 1717 cavit.
286 1652 380 1727 Quid
400 1651 528 1719 multa?
550 1651 668 1735 pedem
682 1667 782 1717 nemo,
800 1649 834 1709 in
857 1650 913 1713 illo
931 1650 1061 1734 judicio
1074 1672 1153 1745 supe

135 1775 257 1861 plosit3
281 1775 399 1852 credo,
412 1793 454 1835 ne
469 1771 589 1835 Stoicis
602 1769 864 1839 renuntiaretur,
1049 1818 1275 1857 w*

185 2024 322 2100 tle.
369 2025 518 2091 Imitatus
532 2028 695 2093 esthemo
716 2025 886 2091 Romanus
913 2036 946 2086 et
971 2020 1149 2089 consularis

139 2150 291 2200 veterem
302 2138 397 2201 illum
411 2141 590 2220 Socratem,
603 2142 659 2225 qui
673 2162 775 2226 quum
787 2136 936 2201 omnium
950 2131 1146 2217 sapientissi-

138 2275 216 2316 mus
231 2270 334 2335 esset,
347 2258 610 2344 sanctissimeque
623 2260 772 2337 vixisset,
786 2259 831 2323 ita
844 2254 1014 2341 injudicio
1033 2252 1147 2336 eapitis

137 2392 198 2454 pro
210 2397 246 2438 se.
261 2375 328 2460 ipse
341 2378 486 2459 distant
498 2373 564 2442 non
576 2382 713 2465 supplex
725 2392 782 2442 aut
799 2398 886 2454 reus,
910 2375 970 2438 sed
992 2372 1149 2458 magister
1217 2365 1219 2367 ’
1295 2362 1296 2371 ’

139 2509 193 2558 aut
207 2499 364 2564 dominus
375 2502 543 2569 videretur
556 2524 627 2568 esse
637 2501 805 2587 judicum,
833 2498 1035 2576 Quinetiam,
1047 2514 1147 2582 quum

71 2667 75 2680 .
141 2614 171 2676 ei
179 2618 338 2702 scriptam
346 2623 530 2685 orationem
543 2620 780 2684 disertissimus
793 2636 902 2686 orator
926 2622 1044 2706 Lysias
1066 2633 1148 2683 attu-

139 2737 243 2822 lisset,
258 2743 408 2824 quam,si
422 2743 453 2802 ei
465 2741 643 2819 videretur,
657 2743 824 2828 edisceret,
836 2762 872 2810 ut
883 2768 987 2832 eapro
1000 2768 1035 2809 se
1057 2746 1146 2831 inju-

138 2863 232 2926 dicio
247 2873 404 2941 uteretur,
417 2865 482 2925 n'on
496 2862 618 2927 invitus
629 2866 720 2951 legit,
740 2883 774 2934 et
797 2872 967 2935 commode
994 2869 1148 2953 scriptam

140 3000 210 3045 esse
221 2979 327 3044 dixit:
351 2981 421 3059 sed,
435 2981 552 3065 inquit,
573 3000 618 3064 ut,
631 2989 661 3051 si
673 2990 751 3053 miti
762 2994 878 3055 calceos
891 2991 1054 3075 Sicyonios
1064 3000 1148 3051 ‘attu-

140 3098 242 3176 tetes,
256 3121 318 3164 non
331 3113 450 3179 uterer,
458 3105 598 3190 quamvis
607 3122 710 3172 essent
722 3109 793 3170 tati
800 3113 842 3170 les
848 3122 878 3169 et
888 3108 956 3191 apti
964 3106 1007 3166 ad
1011 3106 1138 3190 pedem,

142 3219 219 3301 quia
233 3241 295 3283 nan
306 3234 409 3284 essent
417 3222 549 3296 viriles·
571 3227 618 3288 sic
631 3226 715 3288 illam
728 3226 898 3290 orationem
915 3224 1065 3289 disertam
1088 3224 1148 3287 siti

139 3351 168 3401 ot
178 3343 354 3406 aratoriam
366 3345 479 3422 videri,
482 3345 603 3431 sortem
618 3360 648 3409 st
662 3349 784 3413 virilem
804 3373 866 3416 nort
886 3348 998 3414 videri.
1058 3350 1150 3436 Ergo

142 3457 195 3522 ille
210 3479 340 3560 quoque
354 3466 522 3532 damnatus
535 3486 595 3549 est,
607 3492 713 3554 neque
725 3472 829 3535 solum
840 3473 954 3557 primis
970 3473 1148 3551 sententiis»,

142 3580 260 3658 quibus
270 3595 396 3648 tantum
410 3591 592 3656 statuebant
603 3592 744 3677 judices,
756 3593 957 3670 damnarent,
980 3615 1020 3656 an
1043 3592 1147 3656 absol·

143 3718 278 3779 verent;
303 3710 470 3774 sedetiam
483 3712 558 3792 illis,
572 3736 652 3796 quas
667 3715 923 3799 iterumlegibus
945 3716 1027 3780 ferre
1051 3716 1150 3779 dehe-

143 3821 239 3899 bant3
262 3829 428 3920 eratenim
443 3834 595 3913 Athenis,
608 3855 665 3898 reo
679 3836 845 3913 damnate,
861 3836 888 3897 si
914 3834 1003 3899 fraus
1029 3836 1148 3920 capita·

143 3939 181 4004 lis
195 3964 260 4006 non
272 3960 372 4026 esset,
386 3953 476 4033 quasi
499 3973 591 4034 poenae
606 3952 794 4019 aestimatio.
826 3953 880 4016 Ex
890 3953 1057 4034 sententia,
1072 3976 1148 4036 cum

141 4067 309 4153 judicibus
324 4072 467 4152 daretur,
483 4074 741 4162 interrogabatur
750 4097 836 4155 reus,
849 4098 946 4160 quam
960 4075 1052 4159 quasi
1065 4075 1151 4140 aesti-

145 4192 568 4282 mationemtommeruisse
582 4225 616 4268 se
642 4200 786 4269 maxime
809 4203 1035 4273 confiteretur3
1057 4198 1147 4280 quod

1071 4339 1148 4390 cun
1205 4311 1214 4348 ⁵
