2742 4950
450 369 826 437 sunnio
926 432 930 435 ,
1118 378 1163 437 41

147 539 309 614 ductores
315 538 610 625 complecterentur
621 535 815 619 ;quaerebut,
827 550 886 597 cur
896 532 939 598 de
949 533 1113 618 praemiis
1128 550 1166 603 et

151 664 291 752 epilogis
302 675 336 728 et
345 664 387 728 de
397 658 563 747 ejusmodi
574 656 674 744 nugis
687 655 753 747 (sic
778 655 868 719 enim
891 655 1088 740 appellabat)
1115 677 1165 723 re·

152 791 227 863 ferti
239 801 352 853 essent
364 806 482 851 eorum
500 785 576 848 libri
592 811 601 860 ;
624 785 666 848 de
693 781 880 847 civitatibus
892 782 1109 861 instituendis,
1121 783 1164 847 de

150 911 336 978 scribendis
348 909 492 996 legibus,
504 907 545 970 de
558 904 722 989 equitate,
739 906 781 968 de
797 903 939 988 justitia,
959 891 1001 970 de
1018 905 1094 984 fide,
1121 906 1164 969 de

152 1035 348 1121 frangendis
373 1029 616 1116 cupiditatibus,
651 1026 694 1089 de
729 1023 973 1093 conformandis
997 1028 1167 1094 hominum

151 1155 319 1233 moribus,
328 1153 426 1217 litera
438 1153 599 1215 incorum
608 1145 702 1208 libris
715 1144 806 1209 nulla
825 1144 1036 1213 inveniretur.
1093 1150 1170 1233 Ipsa

154 1295 237 1342 vero
244 1261 421 1359 praecepta⁸
433 1269 482 1332 sic
507 1266 641 1330 illudere
663 1262 799 1345 solebat,
821 1280 859 1329 ut
883 1271 1082 1348 ostenderet,
1101 1288 1168 1331 non

157 1398 268 1459 modo
283 1389 433 1485 eosillius
444 1399 590 1471 expertes
604 1406 677 1449 esse
691 1386 883 1469 prudentia,
906 1409 1005 1472 quam
1026 1389 1089 1453 sibi
1113 1390 1170 1453 sd·

160 1514 360 1586 sciscerent3
383 1511 493 1575 sedne
506 1509 592 1572 banc
615 1506 753 1590 quidem
786 1507 890 1592 ipsam
916 1509 1048 1576 dicendi
1074 1515 1171 1579 ratio.

157 1662 237 1705 nem
250 1662 289 1704 ac
302 1640 391 1702 viam
403 1656 499 1700 nosse
515 1658 526 1700 ι
548 1646 646 1719 caput
659 1630 748 1695 enim
758 1653 828 1698 esse
842 1634 1056 1703 arbitrabatur
1065 1654 1171 1704 orato·

156 1768 219 1847 ris,
231 1778 268 1830 ut
281 1779 315 1828 et
326 1763 417 1850 ipsis,
429 1764 517 1849 apud
527 1781 612 1846 quos
626 1771 751 1843 ageret,
773 1758 861 1839 talis,
886 1762 1016 1843 qualem
1040 1787 1075 1829 se
1099 1765 1170 1848 ipse

160 1903 299 1975 optaret,
311 1889 480 1953 videretur
494 1884 548 1976 (id
555 1881 627 1949 fieri
639 1881 716 1947 vitae
731 1881 903 1967 dignitate,
928 1886 970 1949 de
994 1905 1059 1965 qua
1091 1885 1175 1951 nihil

160 2009 318 2073 rhetorici
329 2009 385 2072 isti
398 2009 550 2072 doctores
559 2005 594 2066 in
602 2003 778 2088 praeceptis
791 2002 859 2064 suis
872 2000 1079 2084 reliquissent
1092 2003 1118 2088 3)
1141 2017 1174 2070 et

164 2127 425 2209 uti.eorum,qui
445 2122 608 2200 audirent,
627 2119 674 2183 sic
698 2120 899 2185 afficerentur
924 2118 1037 2201 animi,
1054 2136 1091 2187 ut
1116 2144 1173 2207 eos

166 2242 253 2304 affici
261 2240 362 2304 vellet
374 2252 497 2303 orator:
520 2239 608 2321 quod
632 2237 713 2301 item
734 2235 806 2300 fieri
831 2236 920 2301 utillo
942 2239 1043 2303 modo
1066 2261 1175 2324 posse,

165 2362 231 2426 nisi
247 2375 455 2448 cognosceret
468 2361 507 2439 is,
519 2360 576 2443 qui
600 2360 738 2439 diceret,
760 2372 839 2445 quot
866 2361 975 2425 modis
998 2360 1172 2425 hominurn

164 2498 303 2564 mentes,
329 2498 362 2551 et
388 2482 507 2568 quibus
530 2480 641 2558 rebus,
665 2494 699 2546 et
719 2502 786 2564 quo
817 2501 936 2567 genere
959 2477 1116 2540 orationis
1142 2478 1176 2542 in

166 2628 328 2694 quamque
337 2623 466 2693 partem
477 2583 709 2671 moverentur:
738 2607 806 2671 haec
828 2619 937 2670 autem
955 2588 1026 2667 esse
1049 2600 1180 2686 penitus

165 2729 201 2791 in
211 2730 321 2792 media
332 2724 545 2809 philosophia
554 2734 780 2808 retrusaatque
794 2722 916 2802 abdita,
925 2742 998 2805 quae
1024 2720 1078 2784 isti
1103 2722 1177 2788 rhe-

165 2858 260 2907 tores
283 2861 325 2903 ne
350 2838 545 2925 primoribus
572 2842 709 2926 quidem
733 2841 833 2906 labris
871 2840 1064 2927 attigissent.
1127 2843 1178 2908 Ea

170 2962 559 3052 ll‘lenedemusexemplis
571 2965 691 3050 magis,
704 2986 801 3047 quam
815 2963 1015 3049 argumentis
1043 2966 1178 3028 conaba·
1226 3052 1229 3056 ,

166 3102 222 3149 tur
245 3084 420 3150 relellere:
458 3084 650 3150 memoriter
674 3084 764 3148 enim
790 3085 892 3148 multa
916 3107 958 3147 ex
977 3086 1178 3149 orationibus

169 3204 405 3268 Demosthenis
421 3203 578 3286 praeclare
606 3201 729 3283 scripta
752 3203 959 3283 pronuntians
983 3169 1119 3282 ‚docebat
1141 3201 1179 3263 il·

164 3328 252 3402 lum,
265 3323 425 3386 inanimis
436 3322 488 3387 vel
496 3322 650 3405 judicum
662 3321 715 3383 vel
727 3324 835 3408 populi
852 3328 886 3389 in
899 3346 1032 3390 omnem
1052 3339 1178 3411 partem

168 3443 316 3526 dicendo
329 3438 643 3526 permovendis,non
656 3439 755 3507 luisse
768 3445 927 3528 ignarum²
940 3445 1057 3529 quibus
1066 3467 1105 3509 ea
1127 3466 1179 3507 re.

166 3563 229 3626 bus
256 3570 521 3644 consequeretur,
546 3580 619 3642 quae
646 3576 781 3643 negaret
801 3563 854 3626 ille
877 3563 946 3627 sine
974 3559 1180 3644 philosophia

175 3679 468 3769 quemquamscire
482 3698 587 3763 posse.

215 3925 229 3999 h
245 3924 329 3987 XX„
358 3922 446 3986 Huic
457 3922 510 3988 ille
523 3924 751 4007 respondebat,
763 3943 829 3987 non
844 3944 877 3986 se
891 3942 1010 4008 negare
1026 3924 1179 3989 Demost-

173 4042 291 4107 henem
303 4025 688 4128 summam'prudentiam
707 4066 932 4128 summamque
946 4045 1016 4109 vim
1028 4044 1179 4108 habuisse

178 4166 333 4232 dicendis
356 4166 415 4232 sed
440 4167 590 4257 (siveille
603 4166 666 4231 hoc
691 4166 823 4252 ingenio
844 4168 1016 4252 potuisset,
1039 4167 1124 4239 sive,
1142 4163 1179 4226 id

1052 4343 1057 4350 .
1092 4284 1183 4366 quod
