<?xml version="1.0" encoding="UTF-8"?>
<!DOCTYPE html PUBLIC "-//W3C//DTD XHTML 1.0 Transitional//EN"
    "http://www.w3.org/TR/xhtml1/DTD/xhtml1-transitional.dtd">
<html xmlns="http://www.w3.org/1999/xhtml" xml:lang="en" lang="en">
 <head>
  <title>
</title>
<meta http-equiv="Content-Type" content="text/html;charset=utf-8" />
  <meta name='ocr-system' content='tesseract 3.04.00' />
  <meta name='ocr-capabilities' content='ocr_page ocr_carea ocr_par ocr_line ocrx_word'/>
</head>
<body>
  <div class='ocr_page' id='page_1' title='image "./mtulliiciceroni00smitgoog_0117.png"; bbox 0 0 2742 4950; ppageno 0'>
   <div class='ocr_carea' id='block_1_1' title="bbox 445 398 1199 495">
    <p class='ocr_par' dir='ltr' id='par_1_1' title="bbox 445 398 1199 495">
     <span class='ocr_line' id='line_1_1' title="bbox 445 398 1199 495; baseline 0.012 -35"><span class='ocrx_word' id='word_1_1' title='bbox 445 398 689 495; x_wconf 24' lang='lat' dir='ltr'><strong>,erecn</strong></span> <span class='ocrx_word' id='word_1_2' title='bbox 736 399 784 462; x_wconf 87' lang='lat'><strong>11.</strong></span> <span class='ocrx_word' id='word_1_3' title='bbox 830 409 860 463; x_wconf 84' lang='lat'><strong>3.</strong></span> <span class='ocrx_word' id='word_1_4' title='bbox 1138 414 1199 470; x_wconf 74' lang='lat'><strong>113</strong></span> 
     </span>
    </p>
   </div>
   <div class='ocr_carea' id='block_1_2' title="bbox 91 564 1291 2724">
    <p class='ocr_par' dir='ltr' id='par_1_2' title="bbox 91 564 1291 2724">
     <span class='ocr_line' id='line_1_2' title="bbox 160 564 1199 646; baseline 0.005 -16"><span class='ocrx_word' id='word_1_5' title='bbox 160 564 350 630; x_wconf 86' lang='lat' dir='ltr'><strong>divinitus</strong></span> <span class='ocrx_word' id='word_1_6' title='bbox 374 584 444 630; x_wconf 86' lang='lat' dir='ltr'><strong>esse</strong></span> <span class='ocrx_word' id='word_1_7' title='bbox 483 564 584 644; x_wconf 84' lang='lat' dir='ltr'><strong>dicta,</strong></span> <span class='ocrx_word' id='word_1_8' title='bbox 610 564 811 631; x_wconf 84' lang='lat' dir='ltr'><strong>custodirem</strong></span> <span class='ocrx_word' id='word_1_9' title='bbox 834 565 950 646; x_wconf 86' lang='lat' dir='ltr'><strong>literis,</strong></span> <span class='ocrx_word' id='word_1_10' title='bbox 964 568 992 631; x_wconf 86' lang='lat' dir='ltr'><strong>si</strong></span> <span class='ocrx_word' id='word_1_11' title='bbox 1004 568 1073 633; x_wconf 87' lang='lat' dir='ltr'><strong>ullo</strong></span> <span class='ocrx_word' id='word_1_12' title='bbox 1099 572 1199 638; x_wconf 88' lang='lat' dir='ltr'><strong>modo</strong></span> 
     </span>
     <span class='ocr_line' id='line_1_3' title="bbox 160 694 1200 779; baseline 0.005 -22"><span class='ocrx_word' id='word_1_13' title='bbox 160 694 328 776; x_wconf 70' lang='lat' dir='ltr'><strong>assequi‘</strong></span> <span class='ocrx_word' id='word_1_14' title='bbox 341 694 581 778; x_wconf 84' lang='lat' dir='ltr'><strong>complectique</strong></span> <span class='ocrx_word' id='word_1_15' title='bbox 595 695 778 779; x_wconf 86' lang='lat' dir='ltr'><strong>potuissem</strong></span> <span class='ocrx_word' id='word_1_16' title='bbox 794 721 802 769; x_wconf 83' lang='lat'><em>3</em></span> <span class='ocrx_word' id='word_1_17' title='bbox 826 695 878 762; x_wconf 88' lang='lat' dir='ltr'><strong>vel</strong></span> <span class='ocrx_word' id='word_1_18' title='bbox 890 698 1074 763; x_wconf 85' lang='lat' dir='ltr'><strong>mehercule</strong></span> <span class='ocrx_word' id='word_1_19' title='bbox 1088 699 1200 779; x_wconf 89' lang='lat' dir='ltr'><strong>etiam,</strong></span> 
     </span>
     <span class='ocr_line' id='line_1_4' title="bbox 156 796 1198 907; baseline 0.005 -29"><span class='ocrx_word' id='word_1_20' title='bbox 156 829 202 878; x_wconf 90' lang='lat' dir='ltr'><strong>ut</strong></span> <span class='ocrx_word' id='word_1_21' title='bbox 214 812 366 880; x_wconf 86' lang='lat' dir='ltr'><strong>laudem</strong></span> <span class='ocrx_word' id='word_1_22' title='bbox 380 834 495 880; x_wconf 88' lang='lat' dir='ltr'><strong>eorum</strong></span> <span class='ocrx_word' id='word_1_23' title='bbox 504 816 576 903; x_wconf 83' lang='lat' dir='ltr'><strong>jam</strong></span> <span class='ocrx_word' id='word_1_24' title='bbox 589 834 688 901; x_wconf 84' lang='lat' dir='ltr'>prope</span> <span class='ocrx_word' id='word_1_25' title='bbox 703 831 937 898; x_wconf 81' lang='lat' dir='ltr'><strong>senescentem,</strong></span> <span class='ocrx_word' id='word_1_26' title='bbox 958 796 1115 902; x_wconf 80' lang='lat' dir='ltr'><strong>quantum</strong></span> <span class='ocrx_word' id='word_1_27' title='bbox 1135 841 1198 907; x_wconf 81' lang='lat' dir='ltr'><strong>ego</strong></span> 
     </span>
     <span class='ocr_line' id='line_1_5' title="bbox 155 937 1198 1026; baseline 0.007 -28"><span class='ocrx_word' id='word_1_28' title='bbox 155 952 326 1020; x_wconf 85' lang='lat' dir='ltr'><strong>possem,</strong></span> <span class='ocrx_word' id='word_1_29' title='bbox 350 939 389 1002; x_wconf 86' lang='lat' dir='ltr'><strong>ab</strong></span> <span class='ocrx_word' id='word_1_30' title='bbox 401 937 568 1003; x_wconf 87' lang='lat' dir='ltr'><strong>oblivione</strong></span> <span class='ocrx_word' id='word_1_31' title='bbox 581 937 754 1002; x_wconf 83' lang='lat' dir='ltr'><strong>hominum</strong></span> <span class='ocrx_word' id='word_1_32' title='bbox 768 954 865 1026; x_wconf 88' lang='lat' dir='ltr'><strong>atque</strong></span> <span class='ocrx_word' id='word_1_33' title='bbox 880 963 900 1003; x_wconf 86' lang='lat' dir='ltr'><strong>a</strong></span> <span class='ocrx_word' id='word_1_34' title='bbox 912 939 1043 1005; x_wconf 90' lang='lat' dir='ltr'><strong>silentio</strong></span> <span class='ocrx_word' id='word_1_35' title='bbox 1055 942 1198 1006; x_wconf 86' lang='lat' dir='ltr'><strong>vindica·</strong></span> 
     </span>
     <span class='ocr_line' id='line_1_6' title="bbox 156 1058 1200 1145; baseline 0.006 -27"><span class='ocrx_word' id='word_1_36' title='bbox 156 1078 252 1122; x_wconf 87' lang='lat' dir='ltr'><strong>rem.</strong></span> <span class='ocrx_word' id='word_1_37' title='bbox 311 1060 417 1140; x_wconf 82' lang='lat' dir='ltr'><strong>Nam,</strong></span> <span class='ocrx_word' id='word_1_38' title='bbox 431 1058 459 1122; x_wconf 89' lang='lat' dir='ltr'><strong>si</strong></span> <span class='ocrx_word' id='word_1_39' title='bbox 473 1059 655 1142; x_wconf 84' lang='lat' dir='ltr'><strong>exscriptis</strong></span> <span class='ocrx_word' id='word_1_40' title='bbox 669 1061 824 1144; x_wconf 78' lang='lat' dir='ltr'>cognosci</span> <span class='ocrx_word' id='word_1_41' title='bbox 846 1059 909 1144; x_wconf 88' lang='lat' dir='ltr'><strong>ipsi</strong></span> <span class='ocrx_word' id='word_1_42' title='bbox 923 1060 991 1123; x_wconf 89' lang='lat' dir='ltr'><strong>suis</strong></span> <span class='ocrx_word' id='word_1_43' title='bbox 1008 1062 1200 1145; x_wconf 85' lang='lat' dir='ltr'><strong>potuissent,</strong></span> 
     </span>
     <span class='ocr_line' id='line_1_7' title="bbox 154 1173 1198 1265; baseline 0.005 -22"><span class='ocrx_word' id='word_1_44' title='bbox 154 1182 286 1245; x_wconf 85' lang='lat' dir='ltr'><strong>minus</strong></span> <span class='ocrx_word' id='word_1_45' title='bbox 314 1185 381 1248; x_wconf 91' lang='lat' dir='ltr'><strong>hoc</strong></span> <span class='ocrx_word' id='word_1_46' title='bbox 402 1184 543 1246; x_wconf 78' lang='lat' dir='ltr'><strong>fortasse</strong></span> <span class='ocrx_word' id='word_1_47' title='bbox 567 1181 651 1242; x_wconf 88' lang='lat' dir='ltr'><strong>mihi</strong></span> <span class='ocrx_word' id='word_1_48' title='bbox 673 1203 747 1255; x_wconf 81' lang='lat' dir='ltr'><strong>¹esse</strong></span> <span class='ocrx_word' id='word_1_49' title='bbox 773 1173 948 1265; x_wconf 83' lang='lat' dir='ltr'><strong>putassem</strong></span> <span class='ocrx_word' id='word_1_50' title='bbox 963 1184 1198 1250; x_wconf 85' lang='lat' dir='ltr'><strong>laborandum:</strong></span> 
     </span>
     <span class='ocr_line' id='line_1_8' title="bbox 154 1301 1201 1395; baseline -0.001 -31"><span class='ocrx_word' id='word_1_51' title='bbox 154 1305 241 1383; x_wconf 86' lang='lat' dir='ltr'><strong>sed,</strong></span> <span class='ocrx_word' id='word_1_52' title='bbox 258 1327 348 1391; x_wconf 75' lang='lat' dir='ltr'><strong>cum</strong></span> <span class='ocrx_word' id='word_1_53' title='bbox 371 1306 454 1372; x_wconf 83' lang='lat' dir='ltr'><strong>alter</strong></span> <span class='ocrx_word' id='word_1_54' title='bbox 465 1324 533 1365; x_wconf 91' lang='lat' dir='ltr'><strong>non</strong></span> <span class='ocrx_word' id='word_1_55' title='bbox 545 1304 683 1368; x_wconf 90' lang='lat' dir='ltr'><strong>multum</strong></span> <span class='ocrx_word' id='word_1_56' title='bbox 707 1306 811 1395; x_wconf 90' lang='lat' dir='ltr'><strong>(quod</strong></span> <span class='ocrx_word' id='word_1_57' title='bbox 825 1305 958 1388; x_wconf 86' lang='lat' dir='ltr'><strong>quidem</strong></span> <span class='ocrx_word' id='word_1_58' title='bbox 972 1301 1143 1385; x_wconf 60' lang='lat' dir='ltr'><strong>exstaret)</strong></span> <span class='ocrx_word' id='word_1_59' title='bbox 1167 1314 1201 1364; x_wconf 87' lang='lat' dir='ltr'><strong>et</strong></span> 
     </span>
     <span class='ocr_line' id='line_1_9' title="bbox 137 1421 1196 1511; baseline -0.005 -23"><span class='ocrx_word' id='word_1_60' title='bbox 137 1425 202 1488; x_wconf 82' lang='lat' dir='ltr'><strong>id</strong></span> <span class='ocrx_word' id='word_1_61' title='bbox 243 1427 367 1511; x_wconf 90' lang='lat' dir='ltr'><strong>ipsum</strong></span> <span class='ocrx_word' id='word_1_62' title='bbox 393 1427 607 1499; x_wconf 77' lang='lat' dir='ltr'><strong>adolescens3</strong></span> <span class='ocrx_word' id='word_1_63' title='bbox 644 1425 726 1488; x_wconf 75' lang='lat' dir='ltr'><strong>alter</strong></span> <span class='ocrx_word' id='word_1_64' title='bbox 758 1425 841 1487; x_wconf 84' lang='lat' dir='ltr'>nihil</span> <span class='ocrx_word' id='word_1_65' title='bbox 874 1426 1054 1489; x_wconf 83' lang='lat' dir='ltr'>admodum</span> <span class='ocrx_word' id='word_1_66' title='bbox 1083 1421 1196 1505; x_wconf 87' lang='lat' dir='ltr'><strong>scripti</strong></span> 
     </span>
     <span class='ocr_line' id='line_1_10' title="bbox 91 1544 1195 1641; baseline -0.003 -31"><span class='ocrx_word' id='word_1_67' title='bbox 91 1634 95 1641; x_wconf 17' lang='lat' dir='ltr'>x</span> <span class='ocrx_word' id='word_1_68' title='bbox 154 1549 373 1633; x_wconf 86' lang='lat' dir='ltr'><strong>reliquisset</strong></span> <span class='ocrx_word' id='word_1_69' title='bbox 385 1576 395 1625; x_wconf 88' lang='lat'>;</span> <span class='ocrx_word' id='word_1_70' title='bbox 419 1551 534 1635; x_wconf 84' lang='lat' dir='ltr'><strong>deberi</strong></span> <span class='ocrx_word' id='word_1_71' title='bbox 547 1551 643 1615; x_wconf 87' lang='lat' dir='ltr'><strong>hoca</strong></span> <span class='ocrx_word' id='word_1_72' title='bbox 664 1572 719 1615; x_wconf 91' lang='lat' dir='ltr'><strong>me</strong></span> <span class='ocrx_word' id='word_1_73' title='bbox 743 1551 840 1615; x_wconf 88' lang='lat' dir='ltr'><strong>tantis</strong></span> <span class='ocrx_word' id='word_1_74' title='bbox 860 1550 1032 1612; x_wconf 90' lang='lat' dir='ltr'><strong>hominum</strong></span> <span class='ocrx_word' id='word_1_75' title='bbox 1056 1544 1195 1632; x_wconf 88' lang='lat' dir='ltr'><strong>ingeniis</strong></span> 
     </span>
     <span class='ocr_line' id='line_1_11' title="bbox 155 1670 1195 1755; baseline -0.001 -21"><span class='ocrx_word' id='word_1_76' title='bbox 155 1672 302 1755; x_wconf 83' lang='lat' dir='ltr'><strong>putavi,</strong></span> <span class='ocrx_word' id='word_1_77' title='bbox 332 1687 378 1751; x_wconf 88' lang='lat' dir='ltr'><strong>ut,</strong></span> <span class='ocrx_word' id='word_1_78' title='bbox 405 1692 481 1735; x_wconf 91' lang='lat' dir='ltr'><strong>cum</strong></span> <span class='ocrx_word' id='word_1_79' title='bbox 502 1674 602 1737; x_wconf 85' lang='lat' dir='ltr'><strong>etiam</strong></span> <span class='ocrx_word' id='word_1_80' title='bbox 623 1692 708 1735; x_wconf 88' lang='lat' dir='ltr'><strong>nunc</strong></span> <span class='ocrx_word' id='word_1_81' title='bbox 721 1671 831 1736; x_wconf 83' lang='lat' dir='ltr'><strong>vivam</strong></span> <span class='ocrx_word' id='word_1_82' title='bbox 845 1670 976 1735; x_wconf 89' lang='lat' dir='ltr'><strong>illorum</strong></span> <span class='ocrx_word' id='word_1_83' title='bbox 998 1671 1195 1745; x_wconf 77' lang='lat' dir='ltr'><strong>memoriam</strong></span> 
     </span>
     <span class='ocr_line' id='line_1_12' title="bbox 156 1798 1193 1879; baseline 0 -23"><span class='ocrx_word' id='word_1_84' title='bbox 156 1807 377 1878; x_wconf 83' lang='lat' dir='ltr'><strong>teneremus,</strong></span> <span class='ocrx_word' id='word_1_85' title='bbox 409 1801 492 1863; x_wconf 87' lang='lat' dir='ltr'><strong>hanc</strong></span> <span class='ocrx_word' id='word_1_86' title='bbox 520 1799 742 1863; x_wconf 75' lang='lat' dir='ltr'><strong>immortalem</strong></span> <span class='ocrx_word' id='word_1_87' title='bbox 774 1799 958 1875; x_wconf 85' lang='lat' dir='ltr'><strong>redderem,</strong></span> <span class='ocrx_word' id='word_1_88' title='bbox 995 1798 1023 1857; x_wconf 87' lang='lat' dir='ltr'><strong>si</strong></span> <span class='ocrx_word' id='word_1_89' title='bbox 1050 1816 1193 1879; x_wconf 85' lang='lat' dir='ltr'><strong>possem.</strong></span> 
     </span>
     <span class='ocr_line' id='line_1_13' title="bbox 162 1912 1195 2004; baseline -0.008 -24"><span class='ocrx_word' id='word_1_90' title='bbox 162 1916 278 1991; x_wconf 79' lang='lat' dir='ltr'><strong>Quod</strong></span> <span class='ocrx_word' id='word_1_91' title='bbox 294 1919 360 1980; x_wconf 91' lang='lat' dir='ltr'><strong>hoc</strong></span> <span class='ocrx_word' id='word_1_92' title='bbox 374 1920 473 1984; x_wconf 90' lang='lat' dir='ltr'><strong>etiam</strong></span> <span class='ocrx_word' id='word_1_93' title='bbox 483 1941 539 2002; x_wconf 89' lang='lat' dir='ltr'><strong>spe</strong></span> <span class='ocrx_word' id='word_1_94' title='bbox 566 1918 743 2004; x_wconf 84' lang='lat' dir='ltr'><strong>aggredior</strong></span> <span class='ocrx_word' id='word_1_95' title='bbox 765 1917 890 2000; x_wconf 91' lang='lat' dir='ltr'><strong>majore</strong></span> <span class='ocrx_word' id='word_1_96' title='bbox 913 1919 954 1978; x_wconf 87' lang='lat' dir='ltr'><strong>ad</strong></span> <span class='ocrx_word' id='word_1_97' title='bbox 980 1912 1195 1995; x_wconf 81' lang='lat' dir='ltr'><strong>probandum,</strong></span> 
     </span>
     <span class='ocr_line' id='line_1_14' title="bbox 164 2026 1196 2116; baseline -0.008 -20"><span class='ocrx_word' id='word_1_98' title='bbox 164 2035 253 2116; x_wconf 87' lang='lat' dir='ltr'><strong>quia</strong></span> <span class='ocrx_word' id='word_1_99' title='bbox 265 2039 388 2100; x_wconf 87' lang='lat' dir='ltr'><strong>nonde</strong></span> <span class='ocrx_word' id='word_1_100' title='bbox 411 2036 517 2102; x_wconf 72' lang='lat' dir='ltr'><strong>Seruii</strong></span> <span class='ocrx_word' id='word_1_101' title='bbox 547 2038 661 2101; x_wconf 81' lang='lat' dir='ltr'><strong>Galbae</strong></span> <span class='ocrx_word' id='word_1_102' title='bbox 678 2052 734 2098; x_wconf 88' lang='lat' dir='ltr'><strong>aut</strong></span> <span class='ocrx_word' id='word_1_103' title='bbox 758 2035 796 2096; x_wconf 90' lang='lat' dir='ltr'><strong>C.</strong></span> <span class='ocrx_word' id='word_1_104' title='bbox 825 2030 985 2100; x_wconf 81' lang='lat' dir='ltr'><strong>Carbonis</strong></span> <span class='ocrx_word' id='word_1_105' title='bbox 1009 2026 1196 2110; x_wconf 88' lang='lat' dir='ltr'><strong>eloquentia</strong></span> 
     </span>
     <span class='ocr_line' id='line_1_15' title="bbox 163 2146 1191 2238; baseline -0.009 -22"><span class='ocrx_word' id='word_1_106' title='bbox 163 2157 290 2218; x_wconf 86' lang='lat' dir='ltr'><strong>scribo</strong></span> <span class='ocrx_word' id='word_1_107' title='bbox 306 2156 443 2237; x_wconf 81' lang='lat' dir='ltr'><strong>aliquid,</strong></span> <span class='ocrx_word' id='word_1_108' title='bbox 455 2156 490 2217; x_wconf 91' lang='lat' dir='ltr'><strong>in</strong></span> <span class='ocrx_word' id='word_1_109' title='bbox 505 2156 672 2238; x_wconf 85' lang='lat' dir='ltr'><strong>quoliceat</strong></span> <span class='ocrx_word' id='word_1_110' title='bbox 684 2153 768 2217; x_wconf 91' lang='lat' dir='ltr'><strong>mihi</strong></span> <span class='ocrx_word' id='word_1_111' title='bbox 785 2153 919 2236; x_wconf 84' lang='lat' dir='ltr'><strong>fingere,</strong></span> <span class='ocrx_word' id='word_1_112' title='bbox 946 2148 1056 2231; x_wconf 83' lang='lat' dir='ltr'><strong>siquid</strong></span> <span class='ocrx_word' id='word_1_113' title='bbox 1079 2146 1191 2219; x_wconf 81' lang='lat' dir='ltr'><strong>velim,</strong></span> 
     </span>
     <span class='ocr_line' id='line_1_16' title="bbox 165 2269 1193 2365; baseline -0.007 -27"><span class='ocrx_word' id='word_1_114' title='bbox 165 2277 306 2342; x_wconf 85' lang='lat' dir='ltr'><strong>nullius</strong></span> <span class='ocrx_word' id='word_1_115' title='bbox 319 2279 475 2344; x_wconf 86' lang='lat' dir='ltr'><strong>memoria</strong></span> <span class='ocrx_word' id='word_1_116' title='bbox 482 2280 554 2365; x_wconf 86' lang='lat' dir='ltr'><strong>jam</strong></span> <span class='ocrx_word' id='word_1_117' title='bbox 565 2301 617 2344; x_wconf 90' lang='lat' dir='ltr'><strong>me</strong></span> <span class='ocrx_word' id='word_1_118' title='bbox 629 2277 794 2344; x_wconf 86' lang='lat' dir='ltr'><strong>refellente</strong></span> <span class='ocrx_word' id='word_1_119' title='bbox 809 2300 818 2339; x_wconf 79' lang='lat' dir='ltr'><strong>t</strong></span> <span class='ocrx_word' id='word_1_120' title='bbox 834 2277 892 2339; x_wconf 90' lang='lat' dir='ltr'><strong>sed</strong></span> <span class='ocrx_word' id='word_1_121' title='bbox 904 2274 967 2337; x_wconf 90' lang='lat' dir='ltr'><strong>edo</strong></span> <span class='ocrx_word' id='word_1_122' title='bbox 978 2271 1048 2333; x_wconf 81' lang='lat' dir='ltr'><strong>haec</strong></span> <span class='ocrx_word' id='word_1_123' title='bbox 1062 2269 1103 2332; x_wconf 90' lang='lat' dir='ltr'><strong>iis</strong></span> <span class='ocrx_word' id='word_1_124' title='bbox 1117 2290 1193 2351; x_wconf 84' lang='lat' dir='ltr'><strong>cog·</strong></span> 
     </span>
     <span class='ocr_line' id='line_1_17' title="bbox 163 2379 1193 2487; baseline -0.011 -24"><span class='ocrx_word' id='word_1_125' title='bbox 163 2402 355 2482; x_wconf 76' lang='lat' dir='ltr'><strong>noscenda,</strong></span> <span class='ocrx_word' id='word_1_126' title='bbox 365 2402 420 2486; x_wconf 89' lang='lat' dir='ltr'><strong>qui</strong></span> <span class='ocrx_word' id='word_1_127' title='bbox 433 2379 489 2467; x_wconf 88' lang='lat' dir='ltr'><strong>eos</strong></span> <span class='ocrx_word' id='word_1_128' title='bbox 504 2403 605 2487; x_wconf 87' lang='lat' dir='ltr'><strong>ipsos,</strong></span> <span class='ocrx_word' id='word_1_129' title='bbox 619 2403 660 2464; x_wconf 90' lang='lat' dir='ltr'><strong>de</strong></span> <span class='ocrx_word' id='word_1_130' title='bbox 674 2401 791 2485; x_wconf 84' lang='lat' dir='ltr'><strong>quibus</strong></span> <span class='ocrx_word' id='word_1_131' title='bbox 816 2400 945 2481; x_wconf 85' lang='lat' dir='ltr'><strong>loquor,</strong></span> <span class='ocrx_word' id='word_1_132' title='bbox 971 2415 1056 2478; x_wconf 81' lang='lat' dir='ltr'><strong>saepe</strong></span> <span class='ocrx_word' id='word_1_133' title='bbox 1083 2391 1193 2474; x_wconf 80' lang='lat' dir='ltr'><strong>audie·</strong></span> 
     </span>
     <span class='ocr_line' id='line_1_18' title="bbox 165 2518 1191 2603; baseline -0.009 -18"><span class='ocrx_word' id='word_1_134' title='bbox 165 2541 274 2603; x_wconf 79' lang='lat' dir='ltr'><strong>runt3</strong></span> <span class='ocrx_word' id='word_1_135' title='bbox 300 2544 336 2592; x_wconf 90' lang='lat' dir='ltr'><strong>ut</strong></span> <span class='ocrx_word' id='word_1_136' title='bbox 350 2530 434 2596; x_wconf 83' lang='lat' dir='ltr'><strong>duos</strong></span> <span class='ocrx_word' id='word_1_137' title='bbox 448 2547 598 2591; x_wconf 88' lang='lat' dir='ltr'><strong>summos</strong></span> <span class='ocrx_word' id='word_1_138' title='bbox 611 2525 701 2587; x_wconf 85' lang='lat' dir='ltr'><strong>viros</strong></span> <span class='ocrx_word' id='word_1_139' title='bbox 728 2525 781 2599; x_wconf 81' lang='lat' dir='ltr'><strong>iis,</strong></span> <span class='ocrx_word' id='word_1_140' title='bbox 803 2522 859 2603; x_wconf 90' lang='lat' dir='ltr'><strong>qui</strong></span> <span class='ocrx_word' id='word_1_141' title='bbox 885 2533 1038 2584; x_wconf 86' lang='lat' dir='ltr'><strong>neutrum</strong></span> <span class='ocrx_word' id='word_1_142' title='bbox 1060 2518 1191 2578; x_wconf 88' lang='lat' dir='ltr'><strong>illorum</strong></span> 
     </span>
     <span class='ocr_line' id='line_1_19' title="bbox 165 2633 1291 2724; baseline -0.012 -18"><span class='ocrx_word' id='word_1_143' title='bbox 165 2639 332 2724; x_wconf 82' lang='lat' dir='ltr'><strong>viderint,</strong></span> <span class='ocrx_word' id='word_1_144' title='bbox 345 2633 474 2722; x_wconf 78' lang='lat' dir='ltr'><strong>eorum,</strong></span> <span class='ocrx_word' id='word_1_145' title='bbox 483 2644 616 2723; x_wconf 83' lang='lat' dir='ltr'><strong>quibus,</strong></span> <span class='ocrx_word' id='word_1_146' title='bbox 631 2641 725 2702; x_wconf 87' lang='lat' dir='ltr'><strong>ambo</strong></span> <span class='ocrx_word' id='word_1_147' title='bbox 740 2638 786 2700; x_wconf 91' lang='lat' dir='ltr'><strong>illi</strong></span> <span class='ocrx_word' id='word_1_148' title='bbox 796 2649 938 2704; x_wconf 82' lang='lat' dir='ltr'><strong>oratores</strong></span> <span class='ocrx_word' id='word_1_149' title='bbox 965 2637 1088 2723; x_wconf 83' lang='lat' dir='ltr'><strong>cogniti</strong></span> <span class='ocrx_word' id='word_1_150' title='bbox 1115 2635 1191 2712; x_wconf 87' lang='lat' dir='ltr'><strong>sint,</strong></span> <span class='ocrx_word' id='word_1_151' title='bbox 1221 2656 1223 2661; x_wconf 94' lang='lat'><em>·</em></span> <span class='ocrx_word' id='word_1_152' title='bbox 1287 2670 1291 2676; x_wconf 92' lang='lat'>-</span> 
     </span>
    </p>
   </div>
   <div class='ocr_carea' id='block_1_3' title="bbox 165 2758 1190 2847">
    <p class='ocr_par' dir='ltr' id='par_1_3' title="bbox 165 2758 1190 2847">
     <span class='ocr_line' id='line_1_20' title="bbox 165 2758 1190 2847; baseline -0.006 -22"><span class='ocrx_word' id='word_1_153' title='bbox 165 2763 334 2826; x_wconf 76' lang='lat' dir='ltr'><strong>vicorum</strong></span> <span class='ocrx_word' id='word_1_154' title='bbox 359 2777 393 2828; x_wconf 85' lang='lat' dir='ltr'><strong>et</strong></span> <span class='ocrx_word' id='word_1_155' title='bbox 439 2763 648 2847; x_wconf 78' lang='lat' dir='ltr'><strong>praesentium</strong></span> <span class='ocrx_word' id='word_1_156' title='bbox 669 2760 828 2826; x_wconf 84' lang='lat' dir='ltr'><strong>memoria</strong></span> <span class='ocrx_word' id='word_1_157' title='bbox 864 2775 947 2828; x_wconf 84' lang='lat' dir='ltr'><strong>teste</strong></span> <span class='ocrx_word' id='word_1_158' title='bbox 981 2758 1190 2823; x_wconf 79' lang='lat' dir='ltr'><strong>commende·</strong></span> 
     </span>
    </p>
   </div>
   <div class='ocr_carea' id='block_1_4' title="bbox 169 2903 268 2948">
    <p class='ocr_par' dir='ltr' id='par_1_4' title="bbox 169 2903 268 2948">
     <span class='ocr_line' id='line_1_21' title="bbox 169 2903 268 2948; baseline 0.01 -4"><span class='ocrx_word' id='word_1_159' title='bbox 169 2903 268 2948; x_wconf 68' lang='lat' dir='ltr'><strong>mue.</strong></span> 
     </span>
    </p>
   </div>
   <div class='ocr_carea' id='block_1_5' title="bbox 99 3129 1192 4187">
    <p class='ocr_par' dir='ltr' id='par_1_5' title="bbox 215 3129 1188 3216">
     <span class='ocr_line' id='line_1_22' title="bbox 215 3129 1188 3216; baseline -0.003 -22"><span class='ocrx_word' id='word_1_160' title='bbox 215 3133 230 3209; x_wconf 70' lang='lat' dir='ltr'><strong>i</strong></span> <span class='ocrx_word' id='word_1_161' title='bbox 259 3131 326 3195; x_wconf 87' lang='grc' dir='ltr'><strong>ΙΙΙ.</strong></span> <span class='ocrx_word' id='word_1_162' title='bbox 373 3132 447 3194; x_wconf 89' lang='lat' dir='ltr'><strong>Nec</strong></span> <span class='ocrx_word' id='word_1_163' title='bbox 460 3151 540 3194; x_wconf 90' lang='lat' dir='ltr'><strong>vero</strong></span> <span class='ocrx_word' id='word_1_164' title='bbox 553 3144 598 3209; x_wconf 82' lang='lat' dir='ltr'><strong>te,</strong></span> <span class='ocrx_word' id='word_1_165' title='bbox 624 3132 793 3194; x_wconf 77' lang='lat' dir='ltr'><strong>carissime</strong></span> <span class='ocrx_word' id='word_1_166' title='bbox 815 3129 917 3191; x_wconf 81' lang='lat' dir='ltr'><strong>frater</strong></span> <span class='ocrx_word' id='word_1_167' title='bbox 936 3140 1033 3208; x_wconf 77' lang='lat' dir='ltr'><strong>atque</strong></span> <span class='ocrx_word' id='word_1_168' title='bbox 1053 3132 1188 3216; x_wconf 82' lang='lat' dir='ltr'><strong>optime,</strong></span> 
     </span>
    </p>

    <p class='ocr_par' dir='ltr' id='par_1_6' title="bbox 99 3251 1192 3578">
     <span class='ocr_line' id='line_1_23' title="bbox 170 3251 1189 3337; baseline -0.001 -24"><span class='ocrx_word' id='word_1_169' title='bbox 170 3254 349 3319; x_wconf 84' lang='lat' dir='ltr'><strong>rhetoricis</strong></span> <span class='ocrx_word' id='word_1_170' title='bbox 359 3277 444 3317; x_wconf 89' lang='lat' dir='ltr'><strong>nunc</strong></span> <span class='ocrx_word' id='word_1_171' title='bbox 458 3253 653 3337; x_wconf 75' lang='lat' dir='ltr'><strong>quibusdam</strong></span> <span class='ocrx_word' id='word_1_172' title='bbox 660 3251 765 3331; x_wconf 84' lang='lat' dir='ltr'><strong>libris,</strong></span> <span class='ocrx_word' id='word_1_173' title='bbox 774 3272 854 3334; x_wconf 86' lang='lat' dir='ltr'><strong>quos</strong></span> <span class='ocrx_word' id='word_1_174' title='bbox 867 3263 904 3312; x_wconf 92' lang='lat' dir='ltr'><strong>tu</strong></span> <span class='ocrx_word' id='word_1_175' title='bbox 917 3262 1059 3334; x_wconf 85' lang='lat' dir='ltr'><strong>agrestes</strong></span> <span class='ocrx_word' id='word_1_176' title='bbox 1085 3264 1189 3334; x_wconf 80' lang='lat' dir='ltr'><strong>putas,</strong></span> 
     </span>
     <span class='ocr_line' id='line_1_24' title="bbox 99 3353 1188 3466; baseline -0.004 -27"><span class='ocrx_word' id='word_1_177' title='bbox 99 3385 111 3400; x_wconf 84' lang='lat'>&#39;</span> <span class='ocrx_word' id='word_1_178' title='bbox 166 3379 333 3458; x_wconf 80' lang='lat' dir='ltr'><strong>&#39;insequor</strong></span> <span class='ocrx_word' id='word_1_179' title='bbox 345 3353 382 3438; x_wconf 84' lang='lat' dir='ltr'><strong>ut</strong></span> <span class='ocrx_word' id='word_1_180' title='bbox 394 3376 542 3440; x_wconf 87' lang='lat' dir='ltr'><strong>erudiam</strong></span> <span class='ocrx_word' id='word_1_181' title='bbox 557 3400 565 3438; x_wconf 74' lang='grc' dir='ltr'><strong><em>ε</em></strong></span> <span class='ocrx_word' id='word_1_182' title='bbox 583 3375 679 3466; x_wconf 87' lang='lat' dir='ltr'><strong>(quid</strong></span> <span class='ocrx_word' id='word_1_183' title='bbox 691 3373 778 3438; x_wconf 89' lang='lat' dir='ltr'><strong>enim</strong></span> <span class='ocrx_word' id='word_1_184' title='bbox 789 3386 846 3435; x_wconf 83' lang='lat' dir='ltr'><strong>tua</strong></span> <span class='ocrx_word' id='word_1_185' title='bbox 857 3385 966 3456; x_wconf 89' lang='lat' dir='ltr'><strong>potest</strong></span> <span class='ocrx_word' id='word_1_186' title='bbox 976 3373 1120 3437; x_wconf 87' lang='lat' dir='ltr'><strong>oratione</strong></span> <span class='ocrx_word' id='word_1_187' title='bbox 1133 3374 1188 3435; x_wconf 81' lang='lat' dir='ltr'><strong>aul</strong></span> 
     </span>
     <span class='ocr_line' id='line_1_25' title="bbox 173 3491 1192 3578; baseline -0.009 -18"><span class='ocrx_word' id='word_1_188' title='bbox 173 3497 331 3561; x_wconf 87' lang='lat' dir='ltr'><strong>subtilius</strong></span> <span class='ocrx_word' id='word_1_189' title='bbox 346 3510 401 3557; x_wconf 82' lang='lat' dir='ltr'><strong>aut</strong></span> <span class='ocrx_word' id='word_1_190' title='bbox 414 3497 557 3559; x_wconf 83' lang='lat' dir='ltr'><strong>ornatius</strong></span> <span class='ocrx_word' id='word_1_191' title='bbox 569 3517 639 3558; x_wconf 85' lang='lat' dir='ltr'><strong>esse</strong></span> <span class='ocrx_word' id='word_1_192' title='bbox 655 3494 683 3578; x_wconf 74' lang='lat' dir='ltr'><strong>i)</strong></span> <span class='ocrx_word' id='word_1_193' title='bbox 699 3496 756 3557; x_wconf 88' lang='lat' dir='ltr'><strong>sed</strong></span> <span class='ocrx_word' id='word_1_194' title='bbox 778 3495 932 3576; x_wconf 85' lang='lat' dir='ltr'><strong>quoniam</strong></span> <span class='ocrx_word' id='word_1_195' title='bbox 956 3493 1025 3555; x_wconf 87' lang='lat' dir='ltr'><strong>sive</strong></span> <span class='ocrx_word' id='word_1_196' title='bbox 1046 3491 1192 3576; x_wconf 78' lang='lat' dir='ltr'><strong>judicio,-</strong></span> 
     </span>
    </p>

    <p class='ocr_par' dir='ltr' id='par_1_7' title="bbox 173 3618 1187 4187">
     <span class='ocr_line' id='line_1_26' title="bbox 173 3618 1187 3704; baseline -0.002 -21"><span class='ocrx_word' id='word_1_197' title='bbox 173 3636 210 3684; x_wconf 88' lang='lat' dir='ltr'><strong>ut</strong></span> <span class='ocrx_word' id='word_1_198' title='bbox 222 3620 308 3684; x_wconf 88' lang='lat' dir='ltr'><strong>soles</strong></span> <span class='ocrx_word' id='word_1_199' title='bbox 319 3619 427 3685; x_wconf 88' lang='lat' dir='ltr'><strong>dicere</strong></span> <span class='ocrx_word' id='word_1_200' title='bbox 445 3647 452 3695; x_wconf 91' lang='lat'>;</span> <span class='ocrx_word' id='word_1_201' title='bbox 468 3621 548 3699; x_wconf 79' lang='lat' dir='ltr'><strong>sive,</strong></span> <span class='ocrx_word' id='word_1_202' title='bbox 561 3635 598 3682; x_wconf 86' lang='lat' dir='ltr'><strong>ut</strong></span> <span class='ocrx_word' id='word_1_203' title='bbox 611 3619 665 3682; x_wconf 92' lang='lat' dir='ltr'><strong>ille</strong></span> <span class='ocrx_word' id='word_1_204' title='bbox 679 3632 772 3704; x_wconf 88' lang='lat' dir='ltr'><strong>pater</strong></span> <span class='ocrx_word' id='word_1_205' title='bbox 785 3618 977 3703; x_wconf 76' lang='lat' dir='ltr'><strong>eloquentiae</strong></span> <span class='ocrx_word' id='word_1_206' title='bbox 993 3620 1033 3683; x_wconf 88' lang='lat' dir='ltr'><strong>de</strong></span> <span class='ocrx_word' id='word_1_207' title='bbox 1048 3618 1187 3685; x_wconf 51' lang='lat' dir='ltr'><strong>s&#39;e‘Isoc·</strong></span> 
     </span>
     <span class='ocr_line' id='line_1_27' title="bbox 173 3741 1186 3835; baseline 0.009 -33"><span class='ocrx_word' id='word_1_208' title='bbox 173 3741 262 3807; x_wconf 80' lang='lat' dir='ltr'><strong>rate&#39;s</strong></span> <span class='ocrx_word' id='word_1_209' title='bbox 277 3745 408 3829; x_wconf 77' lang='lat' dir='ltr'><strong>scripsit</strong></span> <span class='ocrx_word' id='word_1_210' title='bbox 418 3747 500 3829; x_wconf 83' lang='lat' dir='ltr'><strong>ipsc,</strong></span> <span class='ocrx_word' id='word_1_211' title='bbox 513 3747 636 3829; x_wconf 88' lang='lat' dir='ltr'><strong>pudore</strong></span> <span class='ocrx_word' id='word_1_212' title='bbox 649 3768 668 3808; x_wconf 86' lang='lat' dir='ltr'><strong>a</strong></span> <span class='ocrx_word' id='word_1_213' title='bbox 680 3747 822 3810; x_wconf 89' lang='lat' dir='ltr'><strong>dicendo</strong></span> <span class='ocrx_word' id='word_1_214' title='bbox 834 3762 867 3810; x_wconf 93' lang='lat' dir='ltr'><strong>et</strong></span> <span class='ocrx_word' id='word_1_215' title='bbox 876 3748 1053 3814; x_wconf 86' lang='lat' dir='ltr'><strong>timiditate</strong></span> <span class='ocrx_word' id='word_1_216' title='bbox 1075 3749 1186 3835; x_wconf 85' lang='lat' dir='ltr'><strong>ingen·</strong></span> 
     </span>
     <span class='ocr_line' id='line_1_28' title="bbox 174 3841 1185 3954; baseline 0.011 -30"><span class='ocrx_word' id='word_1_217' title='bbox 174 3883 218 3925; x_wconf 87' lang='lat' dir='ltr'><strong>ua</strong></span> <span class='ocrx_word' id='word_1_218' title='bbox 231 3866 373 3944; x_wconf 86' lang='lat' dir='ltr'><strong>quadam</strong></span> <span class='ocrx_word' id='word_1_219' title='bbox 386 3865 537 3949; x_wconf 86' lang='lat' dir='ltr'><strong>refugisti</strong></span> <span class='ocrx_word' id='word_1_220' title='bbox 554 3891 562 3938; x_wconf 90' lang='lat'>;</span> <span class='ocrx_word' id='word_1_221' title='bbox 586 3866 667 3945; x_wconf 82' lang='lat' dir='ltr'><strong>sive,</strong></span> <span class='ocrx_word' id='word_1_222' title='bbox 681 3882 718 3929; x_wconf 92' lang='lat' dir='ltr'><strong>ut</strong></span> <span class='ocrx_word' id='word_1_223' title='bbox 729 3843 810 3951; x_wconf 80' lang='lat' dir='ltr'><strong>ipse</strong></span> <span class='ocrx_word' id='word_1_224' title='bbox 832 3841 939 3954; x_wconf 67' lang='lat' dir='ltr'><strong>jodari</strong></span> <span class='ocrx_word' id='word_1_225' title='bbox 962 3871 1058 3952; x_wconf 79' lang='lat' dir='ltr'><strong>soles,</strong></span> <span class='ocrx_word' id='word_1_226' title='bbox 1082 3896 1185 3941; x_wconf 84' lang='lat' dir='ltr'><strong>unum</strong></span> 
     </span>
     <span class='ocr_line' id='line_1_29' title="bbox 174 3991 1185 4078; baseline 0.011 -27"><span class='ocrx_word' id='word_1_227' title='bbox 174 3992 295 4071; x_wconf 87' lang='lat' dir='ltr'><strong>putasti</strong></span> <span class='ocrx_word' id='word_1_228' title='bbox 310 3991 389 4054; x_wconf 88' lang='lat' dir='ltr'><strong>satis</strong></span> <span class='ocrx_word' id='word_1_229' title='bbox 401 4014 470 4057; x_wconf 87' lang='lat' dir='ltr'><strong>esse</strong></span> <span class='ocrx_word' id='word_1_230' title='bbox 481 4015 551 4078; x_wconf 84' lang='lat' dir='ltr'><strong>non</strong></span> <span class='ocrx_word' id='word_1_231' title='bbox 560 3994 659 4058; x_wconf 92' lang='lat' dir='ltr'><strong>modo</strong></span> <span class='ocrx_word' id='word_1_232' title='bbox 673 3994 707 4055; x_wconf 90' lang='lat' dir='ltr'><strong>in</strong></span> <span class='ocrx_word' id='word_1_233' title='bbox 719 4015 785 4057; x_wconf 86' lang='lat' dir='ltr'><strong>una</strong></span> <span class='ocrx_word' id='word_1_234' title='bbox 794 3993 929 4074; x_wconf 82' lang='lat' dir='ltr'><strong>familia,</strong></span> <span class='ocrx_word' id='word_1_235' title='bbox 937 3998 1112 4078; x_wconf 84' lang='lat' dir='ltr'><strong>rhetorem,</strong></span> <span class='ocrx_word' id='word_1_236' title='bbox 1127 4002 1185 4063; x_wconf 77' lang='lat' dir='ltr'><strong>sed</strong></span> 
     </span>
     <span class='ocr_line' id='line_1_30' title="bbox 175 4109 1184 4187; baseline 0.006 -21"><span class='ocrx_word' id='word_1_237' title='bbox 175 4125 267 4187; x_wconf 72' lang='lat' dir='ltr'><strong>pene</strong></span> <span class='ocrx_word' id='word_1_238' title='bbox 280 4109 313 4171; x_wconf 89' lang='lat' dir='ltr'><strong>in</strong></span> <span class='ocrx_word' id='word_1_239' title='bbox 321 4123 392 4176; x_wconf 85' lang='lat' dir='ltr'><strong>tota</strong></span> <span class='ocrx_word' id='word_1_240' title='bbox 400 4110 530 4178; x_wconf 86' lang='lat' dir='ltr'><strong>civitate</strong></span> <span class='ocrx_word' id='word_1_241' title='bbox 546 4135 555 4176; x_wconf 77' lang='lat' dir='ltr'><strong>t</strong></span> <span class='ocrx_word' id='word_1_242' title='bbox 576 4126 760 4179; x_wconf 85' lang='lat' dir='ltr'><strong>nontamen</strong></span> <span class='ocrx_word' id='word_1_243' title='bbox 776 4114 916 4177; x_wconf 81' lang='lat' dir='ltr'><strong>arbitror</strong></span> <span class='ocrx_word' id='word_1_244' title='bbox 927 4114 987 4179; x_wconf 90' lang='lat' dir='ltr'><strong>tibi</strong></span> <span class='ocrx_word' id='word_1_245' title='bbox 1000 4118 1062 4180; x_wconf 86' lang='lat' dir='ltr'><strong>hos</strong></span> <span class='ocrx_word' id='word_1_246' title='bbox 1084 4118 1184 4178; x_wconf 78' lang='lat' dir='ltr'><strong>libros</strong></span> 
     </span>
    </p>
   </div>
   <div class='ocr_carea' id='block_1_6' title="bbox 674 4238 1182 4304">
    <p class='ocr_par' dir='ltr' id='par_1_8' title="bbox 674 4238 1182 4304">
     <span class='ocr_line' id='line_1_31' title="bbox 674 4238 1182 4304; baseline -0.002 -6"><span class='ocrx_word' id='word_1_247' title='bbox 674 4239 815 4304; x_wconf 45' lang='lat' dir='ltr'><strong>P,</strong></span> <span class='ocrx_word' id='word_1_248' title='bbox 1150 4238 1182 4297; x_wconf 90' lang='lat' dir='ltr'><strong>in</strong></span> 
     </span>
    </p>
   </div>
   <div class='ocr_carea' id='block_1_7' title="bbox 0 0 1384 4950">
    <p class='ocr_par' dir='ltr' id='par_1_9' title="bbox 0 0 1384 4950">
     <span class='ocr_line' id='line_1_32' title="bbox 0 0 1384 4950; baseline 0 0"><span class='ocrx_word' id='word_1_249' title='bbox 0 0 1384 4950; x_wconf 95' lang='lat' dir='ltr'><strong> </strong></span> 
     </span>
    </p>
   </div>
  </div>
 </body>
</html>
