2742 4950
188 395 241 451 01¹6
484 372 907 445 BnOan'roan

195 550 294 634 etqui
307 567 405 611 unam
426 528 584 612 virtutem
606 548 750 627 haberet,
771 516 884 610 omnes
907 543 1052 621 habere3
1078 566 1200 631 easque

193 686 262 730 esse
276 664 359 732 inter
372 664 554 748 scaequales
567 678 599 728 et
620 684 738 749 pares:
772 662 819 726 ita
842 664 900 746 qui
922 674 1008 728 esset
1031 662 1209 746 eloquens,

192 808 267 850 eum
279 786 419 851 virtutes
432 808 545 852 omnes
557 787 689 867 habere,
704 802 799 872 atque
815 809 885 851 esse
899 787 1088 870 sapientem.
1133 785 1212 851 sed

190 906 260 975 hac
274 920 344 971 erat
354 908 487 991 spinosa
497 909 645 993 quadam
670 921 704 973 et
728 906 824 971 exilis
850 908 968 987 oratio,
991 906 1152 990 longeque
1181 924 1210 966 a

190 1028 311 1092 nostris
321 1030 468 1094 sensibus
481 1029 686 1092 abhorrebat.
732 1028 933 1092 Charmadas
946 1027 1142 1117 veromulto
1167 1006 1211 1088 ιι-Δ

193 1145 301 1211 berius
315 1143 434 1208 iisdem
448 1146 490 1208 de
515 1147 611 1211 rebus
632 1138 846 1228 loquebatur;
878 1164 945 1207 non
971 1165 1036 1229 quo
1060 1141 1208 1226 aperiret

192 1265 385 1331 sententiam
398 1284 492 1326 sumn
505 1265 577 1354 (bic
592 1264 680 1326 enim
694 1287 766 1327 mos
780 1279 850 1329 erat
861 1264 985 1348 patrius
1000 1264 1206 1343 Academia,

145 1382 147 1390 ⁸
193 1385 357 1453 adversari
383 1406 512 1470 semper
535 1385 687 1449 omnibus
722 1386 757 1447 in
774 1378 1013 1467 ¹diiputand03)
1036 1389 1096 1450 sed
1133 1400 1210 1450 tum

192 1512 335 1575 maxime
348 1526 459 1579 tamen
469 1513 532 1575 hoc
545 1512 761 1598 significabat,
773 1531 841 1590 eos,
852 1510 910 1593 qui
935 1510 1085 1573 rhetores
1104 1531 1201 1574 nom-

191 1626 409 1706 inarentur,et
422 1627 478 1711 qui
492 1629 623 1695 dicendi
637 1642 798 1713 praecepta
809 1632 987 1710 traderent,
999 1628 1083 1691 nihil
1103 1628 1201 1712 plane

193 1761 328 1827 tenere3
348 1772 455 1836 neque
468 1772 564 1837 posse
578 1773 776 1837 quemquam
787 1748 975 1834 facultatem
1001 1753 1132 1839 assequi
1151 1753 1204 1817 di·

194 1871 302 1951 cendi,
311 1870 375 1935 nisi
389 1871 446 1954 qui
459 1872 728 1959 philosophorum
740 1848 874 1937 inventa
884 1872 1069 1938 didicisset.

236 2116 251 2191 l
276 2115 369 2182 xlx.
418 2117 637 2204 Disputabant
651 2137 764 2189 contra
777 2123 893 2191 diserti
904 2127 1067 2206 homines,
1102 2124 1208 2189 Athe·

193 2241 335 2323 aienses,
348 2241 427 2310 etin
436 2246 616 2334 Republica
629 2254 821 2334 caussisque
832 2254 966 2331 versati,
979 2255 1013 2313 in
1024 2253 1126 2333 quis*
1139 2263 1208 2314 erat

197 2372 296 2437 etiarn
310 2372 350 2453 is,
363 2376 420 2458 qui
431 2396 534 2460 nuper
547 2374 658 2440 Roma
680 2376 746 2439 fuit
759 2377 990 2454 Menedemus,
1003 2375 1122 2461 hospes
1136 2396 1205 2440 me·

11 2527 12 2534 1
80 2509 83 2516 '
194 2517 255 2570 us;
278 2498 424 2578 quicum
449 2499 573 2566 diceret
598 2523 671 2565 esse
695 2500 859 2584 quandam
876 2497 1095 2584 prudentiam,
1128 2520 1207 2580 quae

198 2632 383 2681 versaretur
393 2619 426 2680 in
439 2601 674 2702 perspiciendis
697 2622 881 2687 rationibus·
902 2619 1205 2685 constituendarum

196 2748 230 2797 ct
254 2739 470 2818 regendarum
496 2737 836 2821 Rerumpublicarum‚
859 2729 1077 2805 vexcitabatur
1108 2737 1207 2802 homo

197 2870 346 2941 promtus
358 2860 398 2920 ab
410 2858 542 2925 homine
556 2861 734 2928 abundanti
749 2859 909 2939 doctrina,
935 2876 970 2925 et
995 2865 1151 2944 quadam
1162 2863 1208 2928 in·

197 2978 345 3043 credibili
356 2979 513 3045 varietate
524 2999 635 3042 rerum
647 2992 681 3041 ct
704 2979 812 3063 copiae
836 3001 951 3043 omnes
977 2980 1067 3043 enim
1093 2995 1201 3064 partes

197 3097 284 3162 illius
296 3099 398 3184 ipsius
411 3099 589 3185 prudentiae
596 3098 754 3183 petendas
765 3120 836 3161 esse
850 3120 869 3161 a
881 3097 1088 3182 philosophia
1114 3099 1209 3161 doce·

196 3217 263 3294 bat,
276 3238 380 3313 neque
394 3239 444 3296 ea,
456 3203 523 3299 qua
535 3229 754 3279 statuerentur
765 3216 798 3277 in
812 3215 994 3299 Republica
1006 3216 1049 3279 de
1063 3215 1129 3286 diis
1149 3216 1208 3278 im-

195 3332 398 3409 mortalibus,
411 3334 452 3394 de
462 3332 634 3417 disciplina
638 3335 833 3419 juventutis,
858 3339 899 3403 de
918 3336 1062 3422 justitia,
1089 3337 1131 3401 de
1153 3357 1205 3420 pa-

198 3453 324 3532 tientia,
335 3455 376 3517 dc
390 3452 616 3535 temperantia,
627 3454 669 3517 de
681 3458 782 3520 modo
795 3478 904 3521 rerum
915 3457 1075 3536 omnium,
1099 3469 1205 3518 ceter·

198 3595 292 3656 aque,
305 3574 373 3637 sine
385 3572 502 3655 quibus
516 3572 666 3637 civitates
678 3589 734 3639 aut
746 3598 816 3641 esse
828 3589 884 3638 aut
896 3576 978 3639 bene
991 3585 1122 3637 morata
1134 3593 1204 3637 esse

197 3715 262 3756 non
275 3706 417 3777 possent,
429 3711 568 3775 usquam
582 3693 743 3757 incorum
758 3694 898 3758 inveniri
924 3677 1054 3758 libellis.
1111 3691 1207 3766 Quod

197 3815 227 3879 si
239 3829 365 3880 tantam
377 3815 446 3880 vim
456 3834 567 3879 rerum
579 3816 797 3881 maximarum
810 3796 878 3880 arte
893 3837 951 3880 sua
976 3813 1134 3878 rhetorici
1161 3812 1205 3875 illi

1054 3939 1202 4000 doctores

361 4190 375 4217 *
389 4186 449 4256 Qus
459 4190 479 4238 is
488 4190 546 4238 here
555 4187 615 4238 used
621 4188 663 4240 ior
671 4188 738 4255 queis
749 4203 776 4237 or
787 4187 879 4253 quibus,
888 4189 922 4253 by
934 4197 1076 4252 asyncope
