2742 4950
153 350 217 413 me
434 337 520 399 Dm
567 333 881 399 Onasona

152 502 272 578 arnaut
284 505 442 570 musicam
454 499 640 585 philosophi
650 522 735 580 esse,
748 499 826 583 quia
850 497 1020 565 Platonem
1044 521 1187 568 omnese

150 622 262 690 inillis
277 626 405 689 artibus
413 623 722 708 praestantissimum
733 621 835 684 fuisse
860 620 1033 686 fateantur.
1090 622 1188 702 Ac,

152 744 180 809 ti
185 742 256 826 jam
268 744 373 830 placet
383 764 499 807 omnes
512 756 598 807 artes
607 742 729 806 oratori
739 741 944 828 subjungere,
954 741 1168 804 tolerabilius

149 876 201 925 est
214 864 263 928 sic
275 865 385 950 potius
400 865 519 942 dicere,
545 866 607 941 Ut,
630 863 786 946 quoniam
799 862 928 927 dicendi
942 861 1078 927 facultas
1090 883 1166 925 non

148 983 267 1045 debeat
291 1004 361 1049 esse
378 983 495 1069 jejuna
516 994 612 1065 atque
632 981 732 1059 nuda,
758 981 817 1045 sed
828 1002 960 1065 aspersa
981 993 1077 1063 atque
1091 981 1167 1043 dis·

148 1101 253 1167 tincta
276 1105 453 1167 multarum
471 1122 582 1170 rerum
591 1100 738 1187 jucunda
758 1103 899 1182 quadam
912 1100 1088 1179 .varietate,
1113 1099 1167 1162 sit

145 1200 223 1288 boni
251 1223 390 1287 oratoris
416 1224 519 1286 multa
540 1224 672 1286 auribus
698 1225 873 1307 accepisse,
898 1227 1001 1287 mult‘a
1021 1225 1183 1303 vidisse,

147 1349 253 1414 multa
265 1348 374 1412 animo
387 1360 420 1411 et
434 1346 642 1431 cogitatione,
670 1345 773 1408 multa
799 1347 899 1409 etiam
922 1349 1064 1433 legendo
1089 1370 1170 1432 per·
1186 1390 1188 1393 .

150 1472 313 1555 currisset
336 1467 440 1554 neque
456 1491 506 1548 ea,
519 1485 556 1532 ut
571 1491 641 1547 sua,
664 1466 864 1552 possedisse,
887 1468 956 1546 sed,
981 1483 1018 1531 ut
1042 1470 1166 1550 aliena,

146 1593 289 1657 libasset
313 1591 419 1653 fateor
431 1589 519 1653 enim
534 1588 688 1652 callidum
709 1589 874 1670 quendam
894 1587 991 1677 hunc,
1017 1601 1049 1651 et
1071 1591 1167 1655 nulla

149 1716 184 1779 in
196 1736 231 1778 re
244 1710 388 1775 tironem
401 1731 438 1773 ac
452 1709 579 1788 rudem,
591 1728 650 1772 nec
662 1706 872 1793 peregrinum
886 1717 981 1788 atque
994 1703 1179 1791 hospitem
1194 1687 1196 1691 ‚

149 1835 185 1898 in
197 1833 323 1919 agendo
335 1853 405 1896 esse
420 1830 566 1894 debere„

121 2101 123 2107 ·
193 2075 206 2146 l
229 2073 291 2132 LI.
340 2070 458 2152 Neque
482 2082 562 2136 ver'o
587 2070 658 2138 istis
682 2071 847 2161 tragoediis
870 2074 947 2154 tuis,
973 2072 1089 2160 quihus
1110 2071 1178 2136 uti'

147 2190 332 2277 philosophi
344 2191 489 2263 maxime
503 2194 618 2272 solent,
647 2195 777 2274 Crasse,
802 2201 985 2279 perturbor,
1013 2203 1100 2282 quod
1113 2200 1164 2263 ita

149 2315 277 2397 dixisti,
305 2290 594 2399 Neminem‘posse
623 2337 737 2380 eorum
758 2331 896 2396 mentes,
923 2318 979 2399 qui
1000 2322 1169 2399 audirent,

150 2451 206 2501 aut
230 2436 432 2502 inflammare
458 2436 610 2518 dicende,
637 2449 692 2501 aut
712 2436 928 2500 inflammatas
940 2436 1161 2521 restinguere,

150 2583 226 2652 epm
255 2585 295 2626 eo
319 2562 461 2625 maxime
482 2561 534 2623 vis
559 2561 699 2625 oratoris
723 2561 978 2646 magnitudoque
993 2535 1177 2640 cematur,

147 2679 212 2741 nisi
226 2680 282 2759 qui
295 2670 406 2740 rerum
420 2676 569 2737 omnium
582 2692 743 2759 naturam,
757 2668 867 2744 mores
879 2682 1049 2745 hominum
1063 2697 1162 2766 atque

149 2794 292 2856 rationes
322 2791 450 2873 penitus
476 2778 703 2873 perspexerit3
737 2792 771 2855 in
797 2814 870 2875 quo‘
888 2797 1095 2883 philosophia
1119 2799 1167 2861 sit

150 2909 274 2971 oratori
283 2903 478 2990 necessario
487 2907 696 2991 percipienda
710 2929 718 2969 t
743 2929 808 2991 quo
820 2909 854 2970 in
867 2912 978 2974 studio
989 2915 1166 2979 liominum

94 3044 98 3058 ¹
156 3047 285 3111 quoque
336 3023 675 3109 ingeniosissimorum
709 3022 1049 3109 otiosissimorumque
1073 3040 1164 3093 totas

149 3162 260 3218 aetates
285 3150 436 3213 videmus
462 3169 533 3214 esse
560 3144 745 3219 contritas;
779 3165 919 3226 quorum
943 3169 1005 3232 ego
1029 3139 1161 3229 copiam

152 3268 480 3350 magnitudinemque
495 3265 691 3351 cognitionis
705 3279 800 3347 atque
814 3268 892 3330 artis
905 3289 971 3331 non
983 3268 1082 3330 modo
1095 3287 1165 3328 non

152 3402 339 3465 contemno,
353 3388 521 3451 sedetiam
532 3389 743 3459 vehementer
756 3383 901 3458 admiror
915 3418 922 3456 :
937 3395 1030 3458 nobis
1039 3409 1162 3475 tamen,

152 3512 210 3593 qui
233 3510 267 3571 in
278 3510 342 3572 hoc
367 3507 486 3591 populo
510 3508 646 3592 foroque
669 3533 850 3591 versamur,
876 3513 953 3575 satis
980 3527 1031 3575 est
1055 3536 1094 3577 ea
1117 3518 1158 3580 de

152 3631 299 3695 moribus
312 3628 484 3692 hominum
497 3643 530 3693 et
543 3632 627 3696 scire
640 3647 680 3698 et¹
689 3633 811 3711 dicere,
824 3654 894 3715 quae
907 3653 973 3693 non
985 3632 1166 3699 abhorrent

152 3751 192 3813 ah
208 3735 390 3811 hominum
416 3750 573 3814 moribus.
641 3755 726 3830 Quis
752 3755 842 3817 enim
866 3775 1022 3836 umquam
1049 3771 1158 3821 orator

151 3889 288 3953 magnus
302 3883 336 3930 et
350 3868 471 3953 gravis,
484 3892 559 3935 cum
568 3872 687 3935 iratum
701 3872 886 3935 adversario
891 3872 1040 3956 judicem
1051 3874 1158 3937 facere

150 3991 261 4068 vellet,
281 3990 446 4058 haesitavit
458 3993 500 4054 ob
514 4014 588 4076 eam
599 4015 758 4084 caussam,
782 3996 870 4076 quod
892 3994 1048 4073 nescinet,
1075 3994 1157 4077 quid

156 4129 245 4182 osset
255 4114 433 4196 iracundia,
455 4116 605 4185 fervorne
619 4117 751 4198 mentis,
773 4139 814 4181 an
828 4116 988 4200 cupiditas
1001 4116 1164 4199 puniendi

364 4217 380 4254 ⁸
1009 4242 1163 4306 sororiae
