2742 4950
517 320 890 385 Lrsnsi.35.
1105 302 1204 388 “09

197 492 305 564 δαῖος
325 509 394 571 qua
408 486 559 566 fortasse,
572 504 811 570 quemcumque
834 484 1104 568 patremfamilias
1128 490 1209 554 ani.

200 611 354 698 puissetis
366 634 409 679 ex
421 612 530 696 aliqu'o
542 612 677 691 circulo,
691 610 807 675 eadem
819 607 911 671 vobis
923 612 1208 692 percunctantibus

199 727 432 824 respondisset·

242 984 424 1058 lXXXV·
470 986 553 1053 Haec
565 980 644 1055 cum
655 984 797 1045 Crassus
809 981 960 1055 dixisset,
978 977 1147 1043 silentium
1157 991 1209 1045 est
1264 1064 1269 1077 ι

195 1126 424 1174 consecutum.
471 1109 549 1186 Sed,
562 1124 764 1189 quamquam
775 1102 855 1165 satis
869 1102 921 1180 iis,
934 1101 991 1183 qui
1002 1102 1148 1178 aderant,
1169 1103 1211 1167 ad

170 1198 247 1306 ¹id,
276 1230 369 1310 quod
392 1240 464 1291 erat
487 1223 703 1308 propositum,
735 1222 860 1302 dictum
884 1221 1067 1300 videbatur,
1101 1236 1213 1287 tamen

197 1350 391 1416 sentiebant
403 1349 538 1415 celerius
550 1369 621 1410 esse
634 1346 751 1425 multo,
775 1368 873 1429 quam
882 1347 949 1430 ipsi
961 1346 1094 1419 vellent,
1117 1347 1158 1410 ab
1171 1368 1214 1411 eo
1240 1394 1245 1401 .

193 1487 398 1557 peroratum.
453 1472 544 1536 Tum
566 1474 722 1552 Scaevola,
749 1472 841 1548 Quid
861 1487 923 1551 est,
949 1473 1071 1535 Cotta?
1094 1471 1212 1554 inquit,

94 1626 98 1631 ·
193 1593 296 1674 quid
314 1593 455 1657 tacetis?
487 1591 613 1685 nihilne
638 1591 732 1653 vobis
759 1591 792 1652 iu
816 1606 961 1657 mentem
984 1590 1087 1668 veuit,
1122 1588 1212 1673 quod

192 1729 354 1801 praeterea
369 1737 390 1778 a
401 1715 521 1778 Crasso
532 1712 728 1796 requiratis?
753 1713 827 1776 Imo
839 1713 875 1779 id
882 1714 1078 1805 mehercule,
1092 1709 1211 1793 inquit,

194 1827 305 1916 ipsum
319 1831 475 1897 attendoa
498 1844 608 1897 tantus
640 1831 730 1896 enim
749 1851 862 1895 cursus
886 1831 1064 1893 verborum
1083 1827 1159 1904 fuit,
1180 1836 1217 1887 et

195 1952 579 2031 demonstrantium
592 1952 667 2040 ejus·
684 1952 755 2014 vim
766 1964 802 2027 et
815 1948 1041 2014 incitationem
1059 1947 1211 2029 adspexe-

196 2074 430 2159 rimsvestigia
442 2075 696 2157 ingressumque
716 2071 774 2132 vix
787 2068 941 2135 viderim.
988 2068 1033 2130 Et
1045 2082 1213 2152 tamquam
1307 2064 1312 2071 ’

206 2191 246 2251 in
255 2192 398 2271 aliquam
409 2190 603 2274 locupletem
616 2213 652 2255 ac
662 2189 821 2253 refertam
832 2189 968 2252 domum
977 2186 1136 2266 venerim,
1148 2209 1214 2253 non

202 2310 364 2393 explicata
375 2326 479 2394 veste,
501 2335 608 2399 neque
622 2313 790 2399 proposito
804 2323 951 2395 argeum,
974 2329 1081 2393 neque
1094 2310 1212 2376 tabulis

201 2450 236 2502 et
259 2437 361 2524 signis
385 2440 553 2523 propalam
576 2439 756 2516 collocatis,
779 2438 838 2504 sed
858 2437 911 2497 his
930 2437 1080 2501 omnibus
1102 2436 1214 2501 multis

199 2566 452 2650 magnificisque
466 2568 564 2632 rebus
579 2564 776 2627 constructis
789 2584 826 2625 ac
838 2563 1013 2629 reconditis
1027 2585 1035 2642 ς
1050 2566 1098 2629 sic
1111 2568 1212 2632 modo

104 2745 109 2750 .
197 2688 401 2750 irroratione
414 2686 530 2750 Crassi
543 2687 675 2750 divitias
683 2667 724 2750 vac
734 2690 1006 2776 ornamenta'ejus
1019 2690 1143 2775 ingenii
1154 2711 1213 2776 per

197 2807 352 2891 quadarn
375 2806 541 2871 involucra
553 2823 650 2892 atque
662 2811 885 2897 integumenta
895 2814 1045 2900 perspexi
1057 2840 1065 2888 ;
1090 2816 1160 2894 sed,
1173 2835 1214 2880 ea

196 2897 273 2985 cum
283 2925 494 3009 contemplari
508 2949 671 3012 cuperem,
682 2932 741 2994 vix
753 2934 956 3016 adspiciendi
969 2948 1112 3016 potestas
1125 2931 1188 2999 fuit
1202 2960 1210 2998 t

196 3053 246 3116 ita
256 3073 363 3135 neque
377 3054 441 3116 hoc
465 3075 598 3138 possum
612 3058 734 3136 dicere,
749 3081 800 3122 me
809 3061 945 3120 omnino
960 3059 1121 3146 ignorare,
1133 3065 1213 3143 quid

195 3171 376 3254 possideat,
386 3193 493 3255 neque
506 3174 601 3255 plane
611 3191 711 3235 nosse
724 3195 761 3233 ac
775 3171 911 3236 vidisse.
936 3197 940 3207 ·
957 3172 1049 3246 Quin
1062 3187 1097 3236 tu
1112 3171 1214 3261 igitur

204 3292 286 3354 facis
300 3294 398 3375 idem,
408 3297 516 3379 inquit
530 3297 685 3376 Scaevola,
709 3298 798 3380 quod
821 3296 956 3379 faceres,
980 3300 1008 3363 si
1023 3301 1057 3364 in
1070 3269 1234 3387 aliquam·

204 3412 343 3476 domum
362 3393 495 3498 plenam¹
513 3433 778 3484 ornamentorum
802 3422 955 3488 villamve
978 3425 1152 3487 venisses?
1177 3426 1216 3490 si'

94 3549 96 3554 ’
199 3553 240 3596 ea
253 3534 408 3618 seposita,
427 3552 463 3600 ut
474 3519 569 3620 dicia,
582 3557 703 3620 esseut,
716 3557 816 3626 tuque
829 3546 925 3609 valde
937 3545 1107 3628 spectandi
1122 3547 1210 3631 cupi-

201 3648 262 3711 dus
277 3672 378 3731 esses,
400 3672 466 3714 non
489 3656 654 3721 dubitares
677 3679 792 3744 rogare
815 3662 1000 3740 dominum,
1023 3675 1060 3724 ut
1073 3662 1210 3745 proferri

200 3770 344 3854 juberet,
367 3776 548 3858 prasertim
571 3779 599 3840 si
622 3802 711 3842 esses
735 3782 927 3866 familiaris3
949 3785 1104 3848 similiter
1125 3808 1211 3858 nunc

199 3893 285 3972 petis
300 3914 319 3956 a
333 3896 465 3975 Crasso,
494 3913 530 3960 ut
554 3921 626 3964 eam
641 3902 769 3986 copiam
783 3919 1050 3970 ornamentorum
1062 3930 1210 3985 suorum,

204 4030 301 4091 quam
316 4029 539 4082 constructam
562 4042 628 4083 uno
649 4021 684 4083 in
703 4022 789 4102 loco,
816 4024 909 4107 quasi
922 4046 981 4108 per
992 4041 1210 4114 transennam,

157 4173 160 4180 .
202 4144 434 4209 pretereuntes
458 4137 598 4208 strictim
618 4139 817 4224 aspeximus,
838 4130 991 4209 inlucem
1004 4144 1157 4229 proferat,
1178 4117 1211 4208 et

1150 4285 1257 4352 suo‘
1356 4269 1358 4294 ¹
