2742 4950
190 364 253 421 ωδ
477 345 901 431 ὓκΟΜτομ

188 521 261 600 erit,
274 541 294 581 a
306 518 376 581 viro
387 514 512 598 optimo
527 527 560 577 et
573 513 645 576 istis
657 511 1042 592 rebusjnstruetissimo,
1052 509 1197 577 familia·

124 638 127 643 ’
186 646 214 729 ri
226 664 312 722 meo,
326 642 479 728 Longino
506 642 690 707 mutuabor.
757 643 874 725 Neque
899 639 1110 729 repugnabo„
1133 657 1213 722 quo,

184 764 292 827 minus
303 763 356 854 (id
369 765 459 847 quod
473 768 571 830 modo
585 765 732 829 hortatus
740 765 793 849 es)
807 764 917 857 omnia
936 750 1057 845 legant,
1082 746 1208 829 omnia

183 883 330 962 audiant,
342 883 377 947 in
390 883 479 949 omni
491 896 579 948 recto
593 884 703 947 studio
717 896 814 967 atque
834 882 1033 947 humanitate
1058 900 1205 967 versen·
1248 954 1251 959 Α

183 1015 238 1066 tur
253 1029 261 1066 ι
284 1007 344 1071 sed
357 1004 541 1070 mehercule
551 1005 671 1069 nonita
681 1006 819 1069 multum
833 1005 929 1090 spatii
942 1004 1025 1067 mihi
1050 1003 1208 1082 videtur,

186 1124 214 1187 si
229 1130 327 1191 modo
340 1150 380 1192 ea
392 1127 499 1193 faeere
512 1141 545 1192 et
557 1129 708 1211 persequi
718 1129 840 1207 volent,
857 1150 924 1212 quae
950 1111 971 1191 a
986 1140 1031 1206 te,
1058 1125 1203 1204 Crasse,

185 1260 346 1329 praecepta
359 1259 454 1320 sunt,-
478 1248 533 1327 qui
547 1248 628 1309 mihi
644 1270 746 1333 prope
760 1249 862 1315 etiam
874 1248 974 1314 nimis
988 1252 1084 1313 duras
1102 1238 1207 1331 lege's

188 1366 354 1451 imponere
363 1368 453 1433 visus
463 1388 497 1430 es
508 1367 585 1429 huic
611 1369 721 1443 atati5
753 1371 813 1432 sed
837 1383 950 1457 tamen
971 1373 1014 1435 a'd
1039 1371 1086 1449 id,
1111 1371 1224 1453 quod¹

185 1488 332 1569 cupiunt,
349 1489 597 1572 adipiscendum
613 1512 711 1576 prope
723 1492 934 1557 necessarias.
981 1495 1072 1556 Nam
1098 1507 1133 1557 et
1148 1513 1208 1557 su·

184 1607 259 1670 bitae
273 1612 314 1674 ad
326 1611 508 1693 propositas
522 1634 652 1675 caussas
664 1615 927 1693 exercitationes,
951 1628 984 1679 et
997 1627 1158 1691 accurate
1173 1628 1212 1678 et

187 1726 351 1813 meditatae
366 1710 668 1809 commentationes
682 1754 719 1795 ac
745 1731 838 1793 stilus
857 1729 910 1795 ille
931 1745 1019 1811 tuus,
1043 1753 1145 1815 quem
1166 1747 1209 1799 tu

186 1876 264 1917 vere
278 1853 405 1932 dixisti,
412 1852 621 1942 perfectorem
633 1853 754 1918 dicendi
766 1871 879 1918 esseae
902 1855 1104 1941 magistrum,
1115 1855 1207 1920 mihi
1237 1821 1240 1831 Ι

189 1948 318 2040 sudoris
333 1989 383 2038 est
395 2002 404 2049 ;
435 1990 467 2040 et
490 1975 545 2038 illa
557 1973 713 2036 orationis
739 1996 803 2037 suae
828 1997 903 2038 cum
927 1976 1055 2060 scriptis
1083 1977 1209 2045 alienis

187 2098 399 2179 comparatio,
413 2109 446 2157 et
459 2099 500 2158 de
513 2098 618 2160 alieno
632 2100 753 2182 scripto
768 2101 887 2179 subita,
898 2102 951 2165 vel
975 2094 1133 2168 laudandi
1147 2106 1208 2170 vel

187 2217 395 2302 vituperandi
404 2215 456 2280 vel
471 2218 708 2297 comprobandi
722 2221 776 2282 uel
802 2222 975 2289 refellendi
998 2248 1125 2308 caussa,
1140 2227 1211 2292 dis·
1290 2284 1294 2289 .

189 2345 329 2432 putatio,
337 2342 588 2408 nonmedioeris.
598 2343 816 2407 contentionis
829 2359 879 2408 est
891 2347 945 2407 vel
956 2347 1208 2418 admemoriam

190 2472 242 2540 vel
256 2473 297 2536 ad
311 2472 520 2538 imitandum.

233 2718 245 2790 l
269 2721 364 2784 LXI.
411 2721 497 2783 lllud
512 2723 592 2783 vero
617 2724 681 2786 fuit
702 2726 872 2807 horribile,
899 2726 988 2811 quod
1012 2727 1207 2793 mehercule

189 2843 315 2914 vereor,
328 2860 367 2901 ne
380 2839 539 2921 majorem
550 2838 620 2900 rim
633 2841 676 2901 ad
684 2842 915 2907 deterrendum
927 2847 1088 2924 habuerit,
1101 2870 1206 2933 quam

189 2964 232 3027 ad
246 2961 502 3025 cohortandum:
526 2960 660 3045 voluisti
682 2964 771 3027 enim
798 2965 833 3025 in
859 2986 919 3027 suo
946 2984 1065 3051 genere
1084 2949 1208 3038 unum..

109 3172 116 3184 .
190 3104 351 3167 quemque
365 3096 513 3145 nostrum
526 3084 618 3165 quasi
632 3084 794 3167 quendam
806 3106 876 3149 esse
892 3084 1051 3149 Roscium
1066 3115 1075 3162 ς
1099 3092 1209 3154 dixis·

190 3201 293 3286 tique,
305 3225 371 3266 non
380 3216 447 3266 tam
458 3225 507 3281 ea,
521 3225 591 3286 quse
605 3216 819 3284 rectaessent,
828 3205 969 3288 probari,
995 3226 1105 3289 quam,
1131 3228 1207 3291 quae
1223 3209 1226 3212 ’

190 3343 290 3406 prava
302 3297 387 3402 simt,
401 3324 542 3388 fastidiis
566 3324 812 3391 adhaereseere:
849 3329 939 3413 q'uod
963 3352 1026 3417 ego
1049 3347 1207 3398 nontam

191 3446 362 3511 fastidiose
371 3445 405 3508 in
419 3445 526 3523 nohis,
541 3467 638 3529 quam
654 3447 687 3509 in
699 3446 915 3514 histrionibus
943 3452 1082 3535 spectari
1096 3415 1223 3534 puto..

192 3573 306 3651 Itaque
323 3590 382 3630 nos
395 3586 509 3628 raucos
522 3586 604 3649 saepe
617 3565 833 3629 attentissime
839 3566 949 3656 ’audiri
963 3566 1062 3627 video
1076 3590 1084 3638 3
1107 3578 1202 3633 tenet

125 3733 129 3740 ⁴
193 3690 280 3751 enim
293 3713 344 3755 res
354 3693 423 3775 ipsa
436 3706 530 3774 atque
545 3679 679 3754 caussa:
696 3704 728 3752 at
739 3690 909 3775 AEsopum,
923 3692 950 3754 si
959 3690 1090 3774 paulum
1100 3695 1206 3758 irrau·
1263 3722 1266 3734 ·

191 3813 281 3908 serit,
295 3815 439 3898 explodi.
487 3816 520 3877 A
540 3814 656 3897 quibus
678 3814 766 3878 enim
779 3812 861 3875 nihil
874 3826 990 3898 praeter
1002 3814 1204 3899 voluptatem

191 3940 317 4002 aurium
329 3941 495 4023 quaeritur,
504 3940 537 4001 in
551 3917 788 4017 iisoffenditur,
812 3935 1009 4021 simulatque
1035 3937 1204 4000 imminui-

191 4078 244 4126 tur
255 4063 379 4147 aliquid
406 4065 446 4128 de
475 4066 664 4148 voluptate3
702 4063 736 4125 in
761 4060 948 4143 eloquentia
969 4074 1085 4142 autem
1102 4060 1205 4123 multa

181 4194 278 4265 sunt,
287 4203 357 4265 que
369 4193 511 4259 teneant,
526 4201 596 4263 quae
625 4179 653 4240 si
681 4176 792 4239 omnia
816 4197 945 4238 summa
968 4194 1034 4254 non
1057 4187 1144 4253 sunt,
1168 4182 1201 4236 et

1041 4302 1193 4383 pleraque
