2742 4950
552 356 709 449 ‘Ltus
732 386 755 432 n
794 368 845 430 11.
892 374 942 431 15.
1166 378 1229 435 rm

204 536 282 598 Ne
298 473 468 619 quid'falsi
482 534 590 599 dicere
603 535 747 598 audeat?
770 534 900 612 deinde,
923 525 978 597 Ne
992 535 1073 618 quid
1084 536 1154 600 veri
1168 557 1233 599 non

202 661 371 724 audeat?
407 662 460 726 Ne
474 683 538 744 qua
549 661 692 744 suspicio
707 659 816 743 gratiae
837 658 880 739 sit
902 659 1142 724 inscribendo?
1178 662 1232 726 Ne
1271 680 1275 693 '

200 806 283 868 ‘qua
311 787 518 852 simultatis?
555 788 635 850 Haec
658 787 787 871 scilicet
820 787 1030 869 fundamenta
1053 800 1132 850 nota
1155 801 1231 850 sunt

198 910 387 976 ‘omnihus
434 915 511 998 Ipsa
521 928 630 978 autem
650 913 860 981 exaedificatio
881 911 989 998 posita
1011 926 1059 974 est
1082 913 1115 974 in
1137 913 1232 977 rebus

199 1044 246 1093 et
259 1035 394 1097 verbis.
442 1033 567 1127 Rerum
580 1034 664 1097 ratio
678 1035 831 1096 ordinem
853 1008 1039 1114 temporum
1061 1029 1233 1107 desiderat,

195 1155 398 1239 regionum
419 1158 697 1239 descriptionem:
720 1154 790 1216 vult
801 1152 899 1215 etiam
913 1154 1083 1258 (quoniqm
1096 1152 1130 1215 in
1141 1153 1233 1216 rebus

193 1277 356 1358 'magnis
382 1273 608 1355 memoriaque
635 1272 744 1356 dignis
770 1273 907 1338 consilia
930 1273 1085 1355 primum,
1112 1271 1230 1336 deinde

208 1381 310 1475 acta,
326 1413 440 1482 postea
452 1372 587 1464 eventus
600 1398 841 1481 exspectantur)
865 1398 950 1463 etde
964 1396 1109 1461 consiliis
1132 1394 1231 1479 signi·

199 1516 326 1596 dicari,
352 1520 432 1601 quid
445 1521 584 1605 scriptor
596 1524 733 1604 probet3
756 1535 788 1586 et
802 1523 835 1585 in
846 1508 942 1588 rebus
957 1523 1058 1607 gestis
1072 1515 1229 1584 declarari

203 1656 280 1699 non
294 1615 416 1718 solum,
443 1643 523 1724 quid
536 1655 645 1704 actum
659 1655 714 1703 aut
727 1643 850 1705 dictum
864 1643 919 1720 sit,
944 1644 1003 1706 sed
1026 1642 1126 1704 etiam
1147 1642 1228 1722 'quo-

203 1759 319 1821 modo
331 1786 340 1834 ;
355 1774 399 1839 et,
413 1782 489 1823 cum
501 1763 543 1824 de
558 1777 678 1825 eventu
689 1764 828 1838 dicatur,
848 1779 884 1827 ut
898 1787 1015 1828 caussa
1027 1763 1231 1846 explicentur

208 1902 334 1951 omnes
347 1887 400 1953 vel
419 1910 525 1967 casus,
549 1887 604 1951 ve'l
617 1888 796 1972 sapientiae,
822 1889 875 1954 vel
887 1887 1102 1952 temeritatis:
1125 1883 1231 1946 homi·

206 2031 364 2094 numque
388 2014 532 2096 ipsorum
552 2033 618 2075 non
640 2013 747 2076 solum
761 2033 813 2075 res
828 2026 939 2097 gestae,
964 2013 1021 2076 sed
1036 2012 1156 2099 etiam,
1171 2008 1227 2091 qui

203 2126 310 2192 *fama
324 2153 361 2193 ac
373 2132 506 2192 nom'ine
521 2132 666 2210 excellat,
687 2132 727 2196 de
740 2132 897 2215 cujusque
909 2129 977 2191 vita
990 2142 1085 2211 atque
1099 2141 1225 2189 natura.

214 2246 413 2310 Verborum
427 2261 532 2321 autem
545 2250 641 2328 ratio,
667 2262 700 2314 et
720 2264 823 2333 genus
837 2245 993 2309 orationis
1001 2244 1115 2307 lusum
1132 2256 1228 2326 atque

204 2381 371 2449 tractum,
397 2386 429 2434 et
455 2370 530 2434 cum
552 2373 683 2438 lenitate
709 2373 851 2456 quadam
879 2368 1029 2452 aequabili
1054 2367 1227 2450 PYOflUfflb

210 2488 286 2554 sine
302 2489 363 2552 hac
372 2491 526 2575 judiciali
541 2477 726 2576 asperitate,
750 2506 783 2553 et
795 2493 863 2555 sine
878 2489 1109 2554 sententiarum
1122 2487 1229 2548 foren-

198 2611 303 2674 sium
316 2613 439 2675 aculeis
453 2616 719 2696 persequendum
735 2625 793 2674 est.
839 2614 965 2677 Harum
989 2625 1038 2676 tot
1050 2625 1227 2675 tantarum·

202 2754 280 2812 ‘que
294 2753 408 2793 rerum
420 2731 583 2795 videtisne
597 2733 686 2797 nulla
699 2757 768 2797 esse
784 2750 954 2820 precepta,
969 2757 1044 2818 quae
1058 2734 1091 2795 in
1105 2732 1227 2795 artibus

203 2851 389 2914 <rhetorum
416 2853 643 2937 reperiantur?
679 2858 719 2919 In
743 2860 858 2923 eodem
882 2860 1012 2924 silentio
1035 2858 1137 2941 multa
1163 2857 1227 2920 alia

205 2988 383 3039 oratorum
398 2977 505 3039 officia
512 2978 696 3061 jacuerunt,
711 2981 964 3058 cohortationes,
977 2980 1225 3058 consolationes,

210 3114 389 3185 praecepta,
402 3101 581 3180 admonita,
606 3125 675 3184 quae
690 3103 859 3166 tractanda
871 3114 946 3162 sunt
959 3101 1069 3161 omnia
1082 3102 1226 3165 disertis-

185 3219 187 3224 ’
211 3219 301 3281 sime
313 3247 321 3293 3
336 3222 393 3284 sed
404 3221 515 3283 locum
527 3245 623 3284 suum
637 3223 750 3283 inillis
763 3220 898 3293 artibus»,
917 3237 987 3299 quae
999 3219 1126 3282 traditae
1140 3235 1225 3301 suut,

206 3334 339 3396 ‘habent
350 3336 485 3398 nullum.
533 3338 644 3422 Atque
671 3341 705 3400 in
728 3339 790 3401 hoc
815 3358 932 3422 genere
957 3336 1011 3400 ssla
1025 3360 1153 3424 quoque
1177 3355 1227 3405 est
1253 3389 1256 3395 -

213 3450 347 3515 infinita
360 3454 441 3518 silva
456 3484 465 3530 ;
491 3461 578 3539 quod
591 3460 712 3522 oratori
735 3459 880 3543 plerique
906 3468 957 3552 (ut
970 3461 1069 3524 etiam
1085 3461 1222 3525 Crassus

214 3577 375 3661 ostendit)
402 3571 468 3641 duo
483 3602 600 3664 genera
610 3584 653 3645 ad
664 3583 840 3646 dicendum
853 3579 1015 3645 dederunt
1028 3607 1037 3656 ς
1048 3602 1160 3644 unum
1182 3583 1225 3647 de

213 3714 306 3765 certa
329 3702 529 3786 definitaque
551 3727 676 3783 caussa,
703 3682 813 3788 quales
828 3722 923 3787 sunt,
938 3720 1020 3791 'quae
1046 3707 1079 3769 in
1101 3708 1226 3787 litibus,

215 3845 287 3905 quae
303 3823 336 3885 in
348 3826 635 3892 deliberationibus
649 3846 838 3894 versantur:
863 3834 973 3910 addat,
997 3833 1111 3916 siquis
1125 3834 1225 3910 volet,
1310 3902 1313 3908 ,

209 3947 315 4009 etiam
327 3948 532 4015 laudationes
543 3982 552 4027 3
577 3954 743 4032 Alterum,
756 3956 845 4037 quod
858 3956 1017 4037 appellant
1028 3979 1140 4021 omnes
1155 3957 1223 4018 fere

104 4126 109 4135 .
207 4074 402 4155 scriptores,
417 4076 675 4158 explicatnem0,
689 4079 847 4142 infinitam
857 4083 986 4165 generis
998 4083 1067 4146 sine
1078 4096 1223 4163 tempore

209 4207 252 4255 et
264 4196 333 4260 eine
346 4220 484 4281 persona
496 4200 722 4283 quaestionem.
769 4204 842 4268 Hoc
856 4203 948 4287 quid,
962 4220 994 4270 et
1005 4187 1160 4289 quantum
1169 4203 1222 4282 sit,

1141 4350 1223 4394 «Cum
