2742 4950
171 376 215 433 ει
303 364 309 377 “
456 357 532 421 Dn
575 356 880 429 ΟΜΝΗ

172 534 335 613 Namque,
348 525 436 609 quod
442 537 480 589 tu
491 545 558 587 non
569 524 704 609 poteris,
718 535 774 586 aut
784 521 924 599 nescies,
937 520 1010 604 quis
1024 536 1188 586 nostrum

171 668 238 717 tam
251 650 420 734 impudens
435 663 496 727 est,
508 648 564 733 qui
575 670 610 711 se
623 646 719 726 scire,
733 659 789 709 aut
798 666 893 729 posse
903 642 1073 731 postulet?
1097 645 1192 723 Jam

169 796 248 842 vero
261 775 325 839 ista
337 773 536 851 conditione,
546 776 625 836 dum
638 772 720 835 mihi
732 772 830 835 liceat
836 789 954 853 negare
963 765 1190 851 posse,quod

169 919 235 962 non
245 912 371 983 potero,
384 911 417 964 et
429 896 524 963 fateri
536 894 674 972 nescire,
688 897 777 977 quod
790 896 946 975 nesciam,
957 896 1046 974 licet,
1068 891 1192 993 inquit

172 1012 323 1096 Crassus,
335 1031 445 1080 vestro
458 1017 614 1083 arbitratu
621 1018 888 1102 percunctemini.
934 1019 1059 1100 Atque,
1073 1013 1194 1096 inquit

173 1135 345 1219 Sulpitius,
367 1138 430 1199 hoc
443 1137 587 1221 primurn
610 1149 709 1215 exte,
733 1138 774 1198 de
797 1158 861 1219 quo
885 1137 984 1201 modo
1011 1131 1192 1197 Antonius

171 1257 333 1340 exposuit,
359 1257 439 1339 quid
460 1256 593 1335 sentias,
618 1258 821 1339 quaerimus3
848 1227 1055 1333 caiatimesne
1077 1228 1197 1319 arterm

172 1364 315 1462 aliquam
337 1402 409 1444 esse
430 1380 572 1445 dicendi.
617 1378 735 1467 Quid?
764 1377 845 1440 mihi
870 1400 956 1440 nunc
979 1402 1050 1455 vos,
1074 1376 1196 1459 inquit

102 1547 105 1553 ,
173 1501 324 1582 Crassus,
347 1516 502 1585 tanquam
526 1504 625 1567 alicui
644 1500 794 1568 Graeculo
813 1499 919 1561 otioso
942 1512 975 1561 et
986 1499 1129 1579 loquaci,
1152 1511 1198 1560 et

172 1622 309 1688 sortasse
319 1625 416 1688 docto
426 1638 522 1709 atque
531 1625 672 1703 erudito,
685 1621 967 1705 quaestiunculam,
981 1621 1022 1684 de
1032 1640 1097 1712 qua
1105 1639 1190 1680 meo

174 1748 330 1815 arbitratu
340 1747 467 1832 loquar,
479 1749 599 1834 ponitis
614 1752 625 1812 ἓ
651 1750 793 1825 Quando
806 1751 894 1816 enim
907 1771 961 1814 me
976 1748 1039 1844 ista
1047 1768 1192 1812 curasse

176 1885 233 1935 aut
246 1871 407 1958 cogitasse
422 1870 635 1949 arbitramini,
656 1883 689 1933 et
698 1891 765 1934 non
778 1860 906 1955 semper
918 1866 1059 1933 irrisisse
1074 1865 1193 1950 potius

174 2013 291 2055 eorum
304 1994 476 2053 hominum
489 1992 738 2076 impudentiam,
751 1992 820 2075 qui,
838 2015 913 2057 cum
927 1993 960 2056 in
972 1990 1083 2055 schola
1094 1974 1189 2051 ass‘e-
1207 2031 1211 2036 -

174 2109 312 2187 dissent,
335 2130 379 2171 ex
392 2085 510 2192 magna
521 2109 694 2174 hominurn
708 2113 894 2194 frequentia
906 2116 1013 2181 dicere
1022 2113 1191 2200 juberent,

177 2232 206 2293 ai
229 2230 303 2314 quis
326 2229 433 2311 quid*
446 2233 629 2311 quaereret?
653 2231 755 2305 Quod
766 2234 912 2315 primum
925 2238 1034 2298 ferunt
1046 2239 1188 2301 Leonti·

176 2375 256 2418 num
276 2352 391 2420 fecisse
414 2351 592 2437 Gorgiam,
615 2355 672 2436 qui
685 2374 899 2438 permagnum
912 2355 1071 2436 quiddam
1085 2358 1193 2420 susci-

177 2493 255 2557 pere
269 2472 461 2557 ae'profiteri
474 2471 656 2556 videbatur,
677 2497 752 2539 cum
766 2499 800 2541 se
814 2477 856 2540 ad
869 2473 990 2552 omnia,
1010 2473 1050 2537 de
1066 2473 1190 2557 quibus

179 2592 317 2675 quisque
332 2593 445 2655 audire
453 2593 565 2669 vellet,
580 2616 652 2676 esse
658 2608 807 2686 paratum
818 2596 1033 2661 denuntiaret.
1065 2595 1191 2662 Postea

179 2729 259 2772 vero
283 2711 383 2794 vulgo
406 2712 468 2773 hoc
492 2711 600 2773 facere
615 2732 787 2794 ceperunt,
811 2717 973 2799 hodieque
986 2716 1130 2791 faciunt3
1150 2739 1192 2787 ut

181 2824 272 2890 nulla
284 2825 327 2888 sit
348 2848 401 2892 ren
422 2850 528 2911 neque
541 2841 641 2906 tanta,
666 2850 772 2912 neque
788 2842 857 2891 tam
871 2832 1061 2913 improvisa,
1087 2854 1194 2916 neque

180 2963 249 3018 tam
261 2971 358 3033 nova,
382 2953 423 3015 de
438 2973 501 3035 qua
514 2973 547 3015 se
560 2972 626 3014 non
640 2950 761 3028 omnia,
786 2973 859 3033 quae
871 2952 936 3014 dici
950 2967 1097 3036 possunt,
1119 2979 1196 3039 pro.

181 3072 331 3139 fateantur
353 3095 423 3139 esse
436 3071 593 3138 dicturos.
640 3069 782 3145 Quodsi
796 3083 843 3150 te,
870 3072 978 3151 Cotta,
1004 3072 1193 3154 arbitrarer,
1276 3109 1279 3116 ι
1359 3043 1363 3112 i

182 3209 238 3259 aut
249 3210 295 3276 te,
308 3196 440 3280 Sulpiti,
452 3195 494 3260 de
510 3194 550 3258 iis
564 3193 661 3258 rebus
670 3193 782 3258 audire
793 3194 888 3273 velle,
902 3194 1114 3258 adduxissem
1124 3196 1191 3260 huc
1299 3217 1302 3226 ·

185 3317 340 3379 Graecum
362 3316 515 3397 aliquem,
540 3314 596 3396 qui
620 3333 679 3375 vos
704 3313 889 3378 istiusmodi
913 3315 1190 3400 disputationibus

184 3436 362 3520 delectaret
374 3462 382 3501 z
407 3440 494 3521 quod
504 3460 544 3502 ne
554 3459 639 3502 nunc
650 3437 789 3522 quidem
801 3440 930 3506 difficile
942 3440 1030 3505 factu
1044 3456 1093 3504 est
1105 3467 1113 3503 :
1138 3457 1189 3507 est

185 3561 273 3623 enim
287 3562 373 3645 apud
387 3561 439 3623 M.
457 3559 622 3639 Pisonem,
649 3557 890 3624 adolescentem
905 3560 977 3644 jam
989 3561 1066 3624 huic
1079 3563 1190 3626 studio

172 3678 348 3761 deditum,
369 3703 497 3745 summo
510 3669 678 3746 hominem
690 3683 824 3767 ingenio
836 3684 1003 3767 nostrique
1018 3685 1190 3769 cupidissi-

6 3795 25 3866 ὦ
130 3875 131 3878 ¹
188 3820 292 3883 mum,
306 3805 541 3890 Peripateticus
551 3808 692 3889 Staseas,
705 3809 806 3872 homo
816 3808 910 3872 nobis
924 3832 1000 3873 sane
1009 3810 1190 3888 familiaris,

1154 3942 1188 3992 et·

202 4175 230 4238 ¹*
241 4172 374 4244 ltappeara
382 4174 505 4230 frontus
509 4192 621 4245 passage,
631 4183 686 4231 that
694 4178 814 4246 quackery
826 4180 852 4228 in
861 4178 954 4228 scieaee
962 4177 984 4225 is
992 4175 1022 4225 of
1026 4193 1084 4242 very
1097 4180 1192 4231 ancient
1210 4197 1212 4201 ³
1287 4193 1289 4198 ⁴

183 4271 248 4325 date.
281 4280 339 4330 The
348 4276 517 4350 philosophas
525 4267 583 4333 here
590 4254 733 4336 mentioned
743 4298 808 4336 were
820 4298 835 4336 a
846 4280 907 4332 kind
916 4281 947 4334 of
953 4282 1141 4349 prizefighters
