2742 4950
208 342 250 409 32
488 326 919 411 DcOnsronz

204 504 307 571 tribus
318 501 499 576 transtulit3
513 502 602 585 quod
609 500 672 564 nisi
681 500 825 580 fecisset,
836 501 1099 587 Rempublicam,
1110 522 1226 592 quam
1254 469 1262 484 ,

204 652 289 694 nunc
301 620 359 691 vix
370 641 532 706 tenemus,
540 627 670 716 jamdiu
682 624 805 690 nullam
817 615 1022 691 haberemus.
1067 629 1117 692 At
1130 648 1225 695 vero

202 746 273 839 ejus
285 751 343 814 filii
355 746 484 830 diserti,
495 765 528 815 et
540 749 691 815 omnibus
704 749 758 813 vel
771 764 890 815 nature
903 751 956 815 vel
969 751 1230 838 doctriname-

171 887 178 901 ¹
203 872 298 935 cidiis
323 875 366 939 ad
390 866 566 936 dicendum
589 868 706 956 parati,
729 895 805 937 cum
819 872 987 937 civitatem
1011 873 1225 957 velpatemo

204 996 353 1076 consilio,
383 994 436 1062 vel
458 992 554 1062 avitis
580 997 679 1060 armis
705 994 970 1060 florentissimam
996 1004 1222 1082 accepissent,

204 1116 269 1186 ista
280 1116 428 1204 praeclara
441 1115 668 1207 gubernatrice
692 1126 745 1211 (ut
755 1118 820 1205 ais)
843 1120 1014 1185 civitatum
1026 1117 1227 1204 eloquentia

207 1230 455 1329 Rempublicam
468 1234 720 1316 dissipaverunt.

248 1475 319 1562 lx.
355 1473 468 1559 Quid?
478 1478 569 1567 leges
578 1492 708 1545 veteres
719 1498 890 1562 moresque
902 1470 1083 1565 majorum:
1099 1476 1219 1554 Quid!

205 1599 362 1684 auspicia,
375 1598 493 1682 quibus
501 1613 534 1663 et
545 1621 606 1683 ego
625 1612 658 1663 et
678 1611 727 1677 tu,
751 1597 880 1676 Crasse,
906 1617 982 1660 cum
997 1599 1117 1680 magna
1134 1594 1221 1659 Rei·
1279 1569 1282 1575 ¹

123 1768 126 1779 ,
204 1692 337 1803 publice
351 1719 452 1785 salute
466 1740 668 1803 praesumus:
693 1716 796 1802 quid?
819 1717 996 1801 religiones
1009 1728 1044 1777 et
1055 1732 1218 1779 caeremo-

206 1839 270 1902 niae
278 1863 293 1937 ,-
316 1839 422 1923 quid?
444 1839 516 1905 haec
524 1840 602 1925 jura
617 1836 738 1919 civilia,
760 1858 831 1922 quae
840 1837 1042 1922 jampridem
1054 1835 1088 1898 in
1100 1847 1221 1905 nostro

206 1954 334 2015 familia
352 1956 421 2017 sine
448 1955 516 2018 ulla
535 1954 729 2038 eloquentiae
751 1954 849 2019 laude
861 1965 1044 2033 versantur,
1063 1970 1145 2017 num
1157 1966 1222 2019 aut

207 2076 339 2163 inventa
347 2082 432 2151 sunt,
445 2087 501 2135 aut
513 2074 654 2159 cognita,
668 2089 724 2138 aut
731 2078 865 2140 omnino
874 2074 913 2140 ab
921 2091 1087 2144 oratorum
1096 2097 1220 2165 genere
1268 2078 1277 2094 ”
1345 2064 1348 2075 ’

204 2194 367 2259 tractata?
392 2193 558 2277 Equidem
570 2208 604 2258 et
618 2193 770 2259 Servium
783 2196 922 2260 Galbam
937 2202 1097 2268 memoria
1107 2217 1219 2284 teneo,
1259 2195 1264 2204 ⁶

150 2382 152 2389 ,
207 2309 531 2380 divinumhominem
541 2312 575 2374 in
583 2310 736 2389 dicende,
744 2325 777 2376 et
787 2314 1018 2378 M.AEmilium
1028 2319 1218 2403 Porcinam,

207 2450 241 2501 et
255 2437 294 2499 C.
309 2435 418 2519 ipsum
438 2434 634 2513 Carbonem,
657 2452 756 2518 quem
778 2447 815 2532 tu
828 2434 1087 2502 adolescentulus
1100 2457 1217 2527 percu.
1261 2414 1264 2418 Δ
1347 2511 1349 2534 Ι

205 2557 313 2635 limidi,
324 2529 474 2641 ignarum
484 2557 608 2637 legum,
618 2555 823 2619 haesitantem
834 2556 868 2620 in
874 2557 1036 2642 majorum
1044 2558 1221 2644 institutis,

207 2676 325 2738 rudem
347 2674 381 2737 in
399 2676 475 2759 jure
489 2671 602 2733 civili:
626 2675 742 2735 ethaec
765 2689 842 2738 aetas
864 2653 1007 2757 nostra†,
1028 2694 1146 2763 praeter
1167 2695 1213 2763 te,

210 2795 340 2871 Crasse,
366 2794 422 2877 qui
445 2805 503 2853 tuo
524 2789 628 2873 magis
652 2791 775 2870 studio,
802 2813 901 2875 quam
924 2798 1057 2880 proprio
1081 2823 1216 2871 munere
1247 2859 1251 2868 .
1344 2823 1348 2834 “

209 2918 318 3001 aliquo
332 2916 541 2994 disertorum,
561 2914 617 2999 jus
642 2936 662 2976 a
683 2912 777 2976 nobis
802 2914 899 2978 civile
922 2915 1082 2999 didicisti,
1108 2928 1216 3012 (quod

209 3038 375 3103 interdum
395 3035 531 3124 pudeat)
549 3035 635 3121 juris
649 3032 762 3121 ignara
774 3050 834 3101 est.
879 3027 982 3111 Quod
1001 3056 1082 3102 vero
1107 3042 1142 3104 in
1160 3063 1217 3110 ex.

210 3180 315 3232 trema
322 3163 466 3228 oratione
477 3161 568 3246 quasi
576 3173 633 3222 tuo
639 3161 715 3246 jure
724 3158 882 3239 sumsisti,
892 3173 1054 3256 oratorem
1066 3163 1100 3225 in
1107 3165 1217 3231 omnis

209 3286 370 3350 sermonis
378 3287 595 3366 disputatione
606 3284 829 3368 copiosissime
840 3309 935 3372 posse
942 3287 1077 3368 versari,
1091 3289 1136 3371 id,
1149 3288 1209 3354 nisi

155 3493 158 3498 Ι
210 3405 264 3470 hic
278 3406 312 3469 in
323 3418 381 3469 tuo
393 3425 494 3491 regno
506 3424 663 3485 essemus,
683 3426 750 3469 non
761 3407 921 3486 tulissem,
945 3406 1121 3494 multisque
1133 3432 1226 3501 prae-„¹

209 3549 328 3609 essem,
341 3527 397 3611 qui
411 3526 669 3626 aut‘interdictoss
683 3542 793 3594 tecum
805 3533 1047 3615 contenderent,
1060 3547 1115 3599 aut
1127 3549 1160 3599 te
1172 3560 1212 3603 ex-

1137 3679 1212 3743 Jure

239 3859 253 3888 ⁴
270 3859 400 3919 Perennis,
416 3875 465 3925 you
474 3856 633 3926 tanquisbed.

235 3966 254 4029 .†
271 3966 394 4014 Haecntat
404 3975 488 4023 nostra,
507 3965 556 4014 this
565 3980 608 4013 our
616 3979 678 4028 age:
700 3979 733 4012 sc.
745 3964 788 4012 the
797 3975 891 4014 orarors
902 3962 932 4013 of
938 3980 982 4013 our
992 3980 1045 4029 age.

238 4064 252 4140 l
269 4062 390 4115 Interdicis
399 4076 477 4118 neum
489 4064 648 4118 contenderent.
680 4066 750 4115 That
760 4065 789 4124 is,
807 4068 865 4129 they
876 4065 959 4114 would
969 4067 1040 4130 bring
1048 4066 1090 4116 the
1100 4063 1214 4115 Praetor't

205 4161 290 4215 decree
300 4164 397 4229 against
405 4178 462 4230 you
916 4161 919 4164 ’
