2742 4950
206 420 268 479 13ss
489 397 915 462 DnOsnroan

200 579 316 663 injuria
328 568 405 654 quid
417 565 505 630 enim
519 578 576 627 aut
587 563 790 648 arrogantius
798 574 854 626 aut
863 560 1033 644 loquacius
1056 560 1209 645 lieripos»

201 699 260 770 uit,
280 710 377 777 quam
392 685 582 766 Hannibali,
592 684 648 768 qui
659 697 708 746 tot
722 703 820 747 annos
834 683 875 745 de
888 681 1027 765 imperio
1040 701 1119 744 cum
1136 700 1218 766 pop

199 815 253 877 ulo
267 813 419 875 Romano
430 809 577 873 omnium
593 806 740 890 gentium
762 805 885 868 victore
920 814 1086 881 certasset,
1118 804 1219 869 Grae*

200 957 277 1000 cum
288 934 468 1010 hominem,
480 930 536 1013 qui
549 949 728 1010 numquam
742 928 882 1009 hostem,
896 944 1071 1013 numquam
1099 940 1215 992 castra

200 1059 537 1138 vidisset,numquam
548 1049 686 1133 denique
701 1050 871 1114 minimam
883 1065 1004 1136 partem
1020 1050 1118 1115 ullius
1132 1054 1224 1137 pub..

201 1179 413 1246 licimuneris
438 1176 612 1262 attigisset,
639 1187 797 1256 pracepta
822 1175 862 1238 de
886 1195 922 1237 re
945 1174 1080 1238 militari
1104 1174 1224 1237 darei·

205 1302 280 1367 Hoc
293 1298 612 1363 mihifacereomnes
627 1291 694 1369 isti,
709 1290 821 1374 quide
849 1303 918 1353 arte
944 1291 1074 1356 dicendi
1101 1291 1223 1376 prasci-

204 1427 307 1512 piunt,
318 1422 469 1487 videntur
483 1440 491 1479 :
516 1417 605 1500 quod
619 1415 707 1480 enim
722 1415 784 1497 ipsi
795 1417 922 1498 experti
936 1439 1002 1478 non
1016 1430 1102 1496 sunt,
1114 1416 1150 1481 id
1163 1415 1221 1479 do-

206 1556 281 1608 cent
292 1555 449 1609 caeteros:
474 1538 532 1601 sed
542 1533 873 1626 hocminusfortasse
891 1552 1010 1612 errant,
1039 1539 1130 1619 quod
1156 1557 1224 1598 non

203 1678 247 1743 te,
261 1666 297 1725 ut
307 1662 360 1725 ille
373 1658 602 1736 Hannibalem,
614 1659 674 1720 sed
685 1678 804 1741 pueros
818 1671 874 1719 aut
883 1657 1144 1722 adolescentulos
1160 1658 1227 1721 do·

207 1802 280 1846 cere
294 1791 459 1841 conantur.

251 2024 264 2097 l
290 2023 384 2085 XIX.
431 2020 543 2098 Erras,
557 2018 688 2097 Catule,
699 2017 809 2102 inquit
833 2016 1023 2082 Antonius:
1045 2040 1122 2082 nam
1147 2041 1231 2105 ego·

205 2142 318 2207 metin
333 2142 452 2200 multos
475 2142 547 2222 jam
575 2141 793 2206 Phormiones
816 2142 939 2206 incidi:
963 2140 1035 2224 quis
1061 2142 1152 2210 enim
1175 2153 1228 2204 est

206 2259 345 2321 istorum
357 2258 560 2332 Graecorum,
574 2258 631 2335 qui
646 2279 846 2353 quemquam
870 2276 1019 2324 nostrum
1045 2262 1231 2345 quidquam

209 2383 391 2468 intelligere
406 2378 604 2443 arbitretur?
630 2378 682 2440 Ac
697 2378 779 2439 mihi
794 2382 929 2461 quidem
942 2385 1068 2475 nonita
1092 2386 1230 2455 molesti·

142 2507 147 2517 ’
210 2519 286 2572 sunt
300 2504 395 2569 facile
410 2524 522 2567 omnes
535 2502 697 2585 perpetior
710 2516 742 2564 et
754 2488 883 2587 perfero
896 2527 909 2566 a
927 2526 1003 2568 narn
1022 2521 1078 2569 aut
1093 2503 1229 2591 aliquid

211 2630 358 2705 afferunt,
371 2627 461 2708 quod
472 2624 629 2686 mihinon
643 2625 822 2707 displiceat,
846 2640 901 2689 aut
925 2626 1077 2705 efficiunt,
1101 2641 1140 2690 ut
1167 2648 1225 2689 me

213 2773 278 2814 uon
290 2748 446 2812 didicisse
454 2746 562 2806 minus
575 2747 738 2827 poeniteat.
754 2748 1012 2825 Dimittoautem
1022 2764 1232 2816 eosnontamr

210 2870 457 2945 contumeliose,
471 2889 569 2950 quam
582 2868 813 2954 philosophum
827 2871 919 2966 illum
934 2871 1112 2951 Hannibal,
1126 2886 1159 2938 et
1186 2892 1230 2934 eo

214 2994 352 3060 sortasse
365 2992 437 3077 plus
451 2990 555 3052 habeo
567 2990 666 3054 etiarn
680 2992 824 3076 negotii:
849 2992 908 3054 sed
918 3006 1028 3054 tamen
1040 3006 1090 3054 est
1109 3012 1228 3059 eorum

216 3114 377 3192 doctrina,
406 3125 561 3195 quantum
585 3132 646 3195 ego
668 3112 817 3197 judicare
844 3087 988 3197 possum,
1017 3113 1232 3196 perridicula.

220 3235 383 3300 Dividunt
396 3232 483 3297 enim
497 3245 599 3294 totam
609 3252 680 3292 rem
690 3231 724 3294 in
735 3232 817 3300 duas
828 3246 947 3317 partes,
958 3232 991 3295 in
1004 3254 1125 3298 caussae
1153 3252 1229 3316 con·

216 3360 423 3434 troversiam,
438 3357 517 3419 etin
540 3357 769 3438 questionem:
793 3382 941 3426 caussam
964 3359 1138 3445 appellant,
1160 3374 1228 3420 rem

216 3450 358 3572 positam
372 3482 405 3544 in
415 3480 649 3564 disceptatione
662 3503 774 3545 rerum
801 3498 834 3548 et
860 3484 1104 3556 controversia3
1131 3499 1232 3564 quas·-

215 3606 341 3669 tionem
355 3618 475 3680 autem,
488 3624 559 3667 rem
573 3606 713 3689 positam
728 3605 760 3666 in
787 3607 912 3669 infinita
938 3606 1139 3682 dubitatione
1154 3626 1165 3665 z
1187 3603 1228 3667 de

219 3747 333 3787 caussa
343 3741 501 3809 precepta
526 3730 630 3803 dant;
653 3731 694 3793 de
716 3728 821 3814 altera
842 3742 930 3811 parte
952 3728 1082 3792 dicendi
1106 3729 1228 3793 mirum

219 3843 384 3910 silentium
393 3858 452 3909 est.
500 3846 650 3932 Denique
663 3849 805 3933 quinque
819 3847 943 3911 faciunt
966 3848 1060 3931 quasi
1082 3848 1229 3920 membra

217 3965 571 4050 eloquentiae,invenire
596 3973 677 4055 quid
700 3971 802 4048 dicas,
824 3969 956 4034 iuventa
966 3971 1151 4057 disponere,
1170 3971 1226 4033 de·

221 4096 295 4161 inde
308 4116 422 4161 ornare
435 4099 557 4179 verbis,
570 4115 645 4184 post
657 4099 828 4168 memoriae
841 4102 1007 4182 mandare,
1017 4115 1087 4164 tum
1108 4099 1150 4160 ad
1173 4114 1228 4158 ex·
1282 4140 1291 4154 ,

1084 4237 1224 4287 tremum
