2742 4950
499 353 871 418 Lrsrn1.oo.
1169 366 1208 423 rs

206 544 288 601 mea
301 517 447 589 voluistis
459 542 531 584 esse
545 520 732 606 participes,
743 518 825 582 nihil
838 519 1006 584 occultabo
1020 545 1029 595 ;
1044 534 1089 599 et,
1102 526 1212 605 quoad

208 666 332 740 potero,
344 647 438 713 vobis
450 666 624 730 exponam,
638 645 720 728 quid
734 644 775 707 de
789 664 918 727 quaque
929 664 965 708 re
980 644 1129 710 sentiam.

244 896 259 974 b
284 894 488 967 XXXVIII.
513 895 652 960 Antonii
670 878 873 960 incredibilis
888 893 1052 975 quaedam,
1063 904 1097 954 et
1105 897 1207 975 prope

200 1010 378 1098 singularis
387 1027 421 1077 et
431 1013 543 1078 divina
554 1013 606 1076 vis
617 1010 745 1096 ingenii
756 1010 902 1088 videtur,
918 1008 1019 1071 etiam
1027 1007 1056 1068 si
1065 1007 1128 1067 bac
1152 1007 1213 1068 sci-

200 1137 291 1204 entia
293 1138 381 1224 juris
389 1138 512 1204 nudata
520 1136 576 1212 sit,
582 1154 681 1217 posse
695 1131 791 1194 facile
801 1132 922 1198 ceteris
931 1132 1030 1196 armis
1036 1104 1213 1214 prudentiae

203 1284 338 1329 caussas
347 1263 437 1339 tueri
445 1241 541 1342 atque
553 1257 726 1323 defendere
742 1279 750 1319 t
772 1259 984 1339 quamobrem
996 1260 1050 1324 bic
1064 1260 1158 1323 nobis
1168 1258 1214 1322 sit

205 1392 384 1464 exceptus:
408 1389 532 1442 ceteros
542 1393 619 1439 vero
643 1395 710 1436 non
738 1375 895 1438 dubitabo
919 1377 1063 1460 primum
1086 1374 1217 1445 inertiae

207 1503 423 1565 condemnare
433 1496 685 1574 sententiamca,
695 1508 769 1579 post
779 1495 878 1560 etiam
890 1497 1109 1581 impudentiae.
1126 1497 1217 1559 Nam

199 1601 339 1683 volitare
353 1616 388 1678 in
400 1615 485 1693 foro,
495 1616 620 1682 haerere
630 1615 664 1675 in
678 1611 754 1699 jure
780 1636 817 1678 ac
841 1630 1018 1699 praetorum
1042 1614 1211 1698 tribunali·

199 1739 545 1827 bue,judiciaprirata
566 1756 759 1824 magnarum
784 1762 896 1804 rerum
915 1744 1020 1821 obire,
1042 1740 1214 1823 inquibus

203 1883 289 1947 saepe
302 1884 371 1927 non
384 1863 427 1926 de
440 1862 539 1941 facto,
548 1862 608 1926 sed
634 1861 674 1926 de
709 1860 860 1943 aequitate
889 1882 927 1923 ac
948 1861 1025 1946 jure
1051 1840 1218 1934 certetur,

103 2048 110 2058 ,
201 1980 328 2065 jactare
337 2009 372 2050 se
387 1984 422 2047 in
436 1978 560 2073 caussis
583 1983 884 2064 centumviralibus,
907 1986 941 2047 in
967 1985 1085 2067 quibus
1104 2006 1218 2048 usuca·

204 2106 354 2189 pionum,
365 2109 554 2184 tutelarum,
568 2106 800 2191 gentilitatum,
819 2107 1042 2192 agnationum,
1056 2107 1215 2171 alluvion-

203 2247 275 2306 um,
302 2226 612 2306 circumluvionum,
638 2221 811 2308 nexorum,
835 2228 1089 2312 mancipiorum,
1111 2228 1217 2311 parie-

200 2356 282 2425 tum,
295 2332 1027 2431 luminum,stillicidiorum,testamentorum,
1046 2361 1218 2429 ruptorum

199 2481 254 2530 aut
267 2482 426 2551 ratorum,
437 2487 694 2554 caeterarumque
710 2493 826 2544 rerum
848 2464 1136 2530 innumerabilium
1143 2468 1220 2554 jura

196 2607 380 2669 versentur,
396 2617 472 2658 cum
486 2596 636 2670 omnino,
646 2594 728 2675 quid
741 2590 935 2673 suum,quid
949 2590 1102 2675 alienum,
1117 2600 1218 2678 quare
1267 2605 1276 2618 ⁸

201 2710 347 2794 denique
362 2713 514 2773 civisaut
525 2709 730 2794 peregrinus,
741 2730 853 2776 servus
875 2725 931 2776 aut
954 2714 1036 2781 liber
1056 2718 1219 2804 quispiam

204 2830 262 2908 sit,
276 2829 416 2914 ignoret,
435 2829 572 2915 insignis
586 2842 636 2892 est
648 2809 869 2913 impudentiae.
922 2834 984 2899 Illa
1005 2828 1088 2900 uero
1106 2836 1217 2904 derid-

210 2957 293 3022 enda
306 2954 492 3041 arrogantia
504 2972 566 3037 est,
582 2955 616 3019 iu
631 2959 812 3027 minoribus
834 2963 978 3045 navigiis
1002 2966 1120 3027 rudem
1146 2986 1218 3027 esse

184 3100 187 3106 ·
212 3095 247 3136 se
261 3074 407 3162 confiteri
422 3102 431 3149 ;
453 3076 718 3161 quinqueremes,
730 3091 786 3139 aut
805 3078 916 3139 etiam
928 3080 1082 3160 majores,
1106 3081 1221 3162 guber·

209 3214 288 3260 nare
301 3197 468 3294 didicisse.
517 3199 573 3262 Tu
583 3200 781 3263 mihi*cum
792 3199 825 3259 in
835 3197 956 3261 circulo
981 3198 1142 3286 decipiare
1163 3204 1220 3268 ¹ad·

214 3321 353 3382 versarii
367 3322 630 3405 stipulatiuncula
643 3350 651 3399 ;
675 3346 751 3417 curn
764 3321 915 3409 obsignes
934 3324 1068 3391 tabellas
1090 3327 1220 3392 clientis

210 3438 273 3518 tui,
285 3441 403 3524 quibus
414 3443 448 3505 in
460 3445 584 3510 tabellis
599 3448 634 3511 id
646 3447 690 3512 sit
698 3449 867 3531 scriptum,
880 3468 946 3531 quo
972 3449 1025 3513 ille
1050 3450 1196 3532 capiatur
1210 3477 1220 3523 ς

205 3584 265 3649 ego
279 3565 340 3628 tibi
358 3568 457 3633 ullam
471 3591 618 3636 caussam
625 3575 786 3659 majorem
799 3574 1069 3637 committendam
1080 3564 1220 3658 putem?
1272 3551 1273 3554 Ἴ

205 3684 312 3751 Citius
327 3690 462 3755 hercule
475 3695 514 3772 is,
529 3697 585 3776 qui
599 3698 741 3760 duorum
754 3695 951 3759 scalmorum
971 3694 1156 3762 na'vic'ulam
1183 3696 1220 3757 in

205 3824 302 3892 portu
319 3819 486 3898 everterit,
500 3820 534 3880 in
549 3818 680 3884 Euxiuo
690 3834 791 3905 ponto
806 3822 1074 3906 Argonautarum
1097 3839 1221 3886 navem

631 3946 662 4007 K
1018 3950 1216 4034 gubernarit.

206 4201 211 4208 ·
235 4183 248 4210 ’ἵ
256 4183 324 4234 Mun
336 4186 422 4238 iubere
431 4189 541 4242 inserted
550 4190 590 4243 for
601 4196 643 4244 the
656 4193 715 4245 sake
725 4198 756 4247 of
767 4202 889 4268 euphony.
928 4203 953 4253 lt
962 4202 1009 4252 has
1020 4206 1226 4264 nogovemment
1283 4185 1285 4188 ’

206 4296 252 4332 uor
263 4285 436 4348 signification.
