<?xml version="1.0" encoding="UTF-8"?>
<!DOCTYPE html PUBLIC "-//W3C//DTD XHTML 1.0 Transitional//EN"
    "http://www.w3.org/TR/xhtml1/DTD/xhtml1-transitional.dtd">
<html xmlns="http://www.w3.org/1999/xhtml" xml:lang="en" lang="en">
 <head>
  <title>
</title>
<meta http-equiv="Content-Type" content="text/html;charset=utf-8" />
  <meta name='ocr-system' content='tesseract 3.04.00' />
  <meta name='ocr-capabilities' content='ocr_page ocr_carea ocr_par ocr_line ocrx_word'/>
</head>
<body>
  <div class='ocr_page' id='page_1' title='image "./mtulliiciceroni00smitgoog_0122.png"; bbox 0 0 2742 4950; ppageno 0'>
   <div class='ocr_carea' id='block_1_1' title="bbox 131 342 884 437">
    <p class='ocr_par' dir='ltr' id='par_1_1' title="bbox 131 342 884 437">
     <span class='ocr_line' id='line_1_1' title="bbox 131 342 884 437; baseline -0.016 -5"><span class='ocrx_word' id='word_1_1' title='bbox 131 378 194 437; x_wconf 79' lang='lat'><strong>118</strong></span> <span class='ocrx_word' id='word_1_2' title='bbox 422 342 884 425; x_wconf 43' lang='lat' dir='ltr'><strong>Drossronns</strong></span> 
     </span>
    </p>
   </div>
   <div class='ocr_carea' id='block_1_2' title="bbox 127 524 1150 608">
    <p class='ocr_par' dir='ltr' id='par_1_2' title="bbox 127 524 1150 608">
     <span class='ocr_line' id='line_1_2' title="bbox 127 524 1150 608; baseline -0.008 -8"><span class='ocrx_word' id='word_1_3' title='bbox 127 536 227 599; x_wconf 78' lang='lat' dir='ltr'><strong>litum</strong></span> <span class='ocrx_word' id='word_1_4' title='bbox 240 530 398 606; x_wconf 80' lang='lat' dir='ltr'>rusticari,</span> <span class='ocrx_word' id='word_1_5' title='bbox 423 545 544 606; x_wconf 86' lang='lat' dir='ltr'><strong>eosque</strong></span> <span class='ocrx_word' id='word_1_6' title='bbox 558 524 793 588; x_wconf 77' lang='lat' dir='ltr'><strong>incredibiliter</strong></span> <span class='ocrx_word' id='word_1_7' title='bbox 815 544 1046 608; x_wconf 82' lang='lat' dir='ltr'><strong>repuerascere</strong></span> <span class='ocrx_word' id='word_1_8' title='bbox 1071 551 1150 592; x_wconf 83' lang='lat' dir='ltr'><strong>esse</strong></span> 
     </span>
    </p>
   </div>
   <div class='ocr_carea' id='block_1_3' title="bbox 84 661 1217 3459">
    <p class='ocr_par' dir='ltr' id='par_1_3' title="bbox 84 661 1217 3459">
     <span class='ocr_line' id='line_1_3' title="bbox 129 661 1148 753; baseline 0.005 -31"><span class='ocrx_word' id='word_1_9' title='bbox 129 663 241 723; x_wconf 83' lang='lat' dir='ltr'><strong>solitos</strong></span> <span class='ocrx_word' id='word_1_10' title='bbox 255 681 328 721; x_wconf 89' lang='lat' dir='ltr'><strong>cum</strong></span> <span class='ocrx_word' id='word_1_11' title='bbox 340 679 397 722; x_wconf 91' lang='lat' dir='ltr'><strong>rus</strong></span> <span class='ocrx_word' id='word_1_12' title='bbox 416 682 457 724; x_wconf 86' lang='lat' dir='ltr'><strong>ex</strong></span> <span class='ocrx_word' id='word_1_13' title='bbox 471 662 561 742; x_wconf 85' lang='lat' dir='ltr'><strong>urbe,</strong></span> <span class='ocrx_word' id='word_1_14' title='bbox 583 677 751 746; x_wconf 83' lang='lat' dir='ltr'><strong>tamquam</strong></span> <span class='ocrx_word' id='word_1_15' title='bbox 770 687 786 724; x_wconf 86' lang='lat' dir='ltr'><strong>c</strong></span> <span class='ocrx_word' id='word_1_16' title='bbox 800 661 956 753; x_wconf 79' lang='lat' dir='ltr'><strong>vinculis,</strong></span> <span class='ocrx_word' id='word_1_17' title='bbox 975 664 1148 733; x_wconf 82' lang='lat' dir='ltr'><strong>evolavis-</strong></span> 
     </span>
     <span class='ocr_line' id='line_1_4' title="bbox 129 764 1149 867; baseline 0.005 -13"><span class='ocrx_word' id='word_1_18' title='bbox 129 802 211 854; x_wconf 82' lang='lat' dir='ltr'><strong>sent.</strong></span> <span class='ocrx_word' id='word_1_19' title='bbox 257 785 339 849; x_wconf 86' lang='lat' dir='ltr'><strong>Non</strong></span> <span class='ocrx_word' id='word_1_20' title='bbox 351 790 458 852; x_wconf 84' lang='lat' dir='ltr'>audeo</span> <span class='ocrx_word' id='word_1_21' title='bbox 471 789 579 854; x_wconf 82' lang='lat' dir='ltr'>dicere</span> <span class='ocrx_word' id='word_1_22' title='bbox 594 794 635 855; x_wconf 93' lang='lat' dir='ltr'><strong>de</strong></span> <span class='ocrx_word' id='word_1_23' title='bbox 648 791 767 854; x_wconf 83' lang='lat' dir='ltr'><strong>taiibns</strong></span> <span class='ocrx_word' id='word_1_24' title='bbox 779 790 870 867; x_wconf 87' lang='lat' dir='ltr'><strong>viris,</strong></span> <span class='ocrx_word' id='word_1_25' title='bbox 891 792 949 855; x_wconf 90' lang='lat' dir='ltr'><strong>sed</strong></span> <span class='ocrx_word' id='word_1_26' title='bbox 966 804 1075 856; x_wconf 86' lang='lat' dir='ltr'><strong>tamen</strong></span> <span class='ocrx_word' id='word_1_27' title='bbox 1092 764 1149 859; x_wconf 77' lang='lat' dir='ltr'><strong>ita</strong></span> 
     </span>
     <span class='ocr_line' id='line_1_5' title="bbox 126 898 1173 997; baseline 0 -15"><span class='ocrx_word' id='word_1_28' title='bbox 126 898 212 982; x_wconf 83' lang='lat' dir='ltr'><strong>solet</strong></span> <span class='ocrx_word' id='word_1_29' title='bbox 235 935 367 983; x_wconf 84' lang='lat' dir='ltr'><strong>narrare</strong></span> <span class='ocrx_word' id='word_1_30' title='bbox 395 918 553 997; x_wconf 77' lang='lat' dir='ltr'><strong>Scaevola,</strong></span> <span class='ocrx_word' id='word_1_31' title='bbox 589 920 729 981; x_wconf 80' lang='lat' dir='ltr'>conchas</span> <span class='ocrx_word' id='word_1_32' title='bbox 755 938 811 981; x_wconf 89' lang='lat' dir='ltr'><strong>eos</strong></span> <span class='ocrx_word' id='word_1_33' title='bbox 840 933 874 983; x_wconf 89' lang='lat' dir='ltr'><strong>et</strong></span> <span class='ocrx_word' id='word_1_34' title='bbox 895 918 1071 983; x_wconf 64' lang='lat' dir='ltr'><strong>‚umbilicos</strong></span> <span class='ocrx_word' id='word_1_35' title='bbox 1098 920 1173 987; x_wconf 73' lang='lat' dir='ltr'><strong>ad,</strong></span> 
     </span>
     <span class='ocr_line' id='line_1_6' title="bbox 127 1046 1147 1130; baseline -0.002 -21"><span class='ocrx_word' id='word_1_36' title='bbox 127 1047 277 1111; x_wconf 80' lang='lat' dir='ltr'><strong>Caietam</strong></span> <span class='ocrx_word' id='word_1_37' title='bbox 290 1059 323 1108; x_wconf 92' lang='lat' dir='ltr'><strong>et</strong></span> <span class='ocrx_word' id='word_1_38' title='bbox 335 1046 377 1109; x_wconf 87' lang='lat' dir='ltr'><strong>ad</strong></span> <span class='ocrx_word' id='word_1_39' title='bbox 386 1047 699 1130; x_wconf 82' lang='lat' dir='ltr'><strong>Laurentemlegcre</strong></span> <span class='ocrx_word' id='word_1_40' title='bbox 709 1066 896 1125; x_wconf 78' lang='lat' dir='ltr'><strong>consuesse,</strong></span> <span class='ocrx_word' id='word_1_41' title='bbox 910 1061 943 1109; x_wconf 91' lang='lat' dir='ltr'><strong>et</strong></span> <span class='ocrx_word' id='word_1_42' title='bbox 954 1048 995 1110; x_wconf 91' lang='lat' dir='ltr'><strong>ad</strong></span> <span class='ocrx_word' id='word_1_43' title='bbox 1006 1068 1147 1110; x_wconf 88' lang='lat' dir='ltr'><strong>omnem</strong></span> 
     </span>
     <span class='ocr_line' id='line_1_7' title="bbox 127 1154 1148 1255; baseline 0 -21"><span class='ocrx_word' id='word_1_44' title='bbox 127 1172 233 1239; x_wconf 83' lang='lat' dir='ltr'><strong>animi</strong></span> <span class='ocrx_word' id='word_1_45' title='bbox 242 1154 472 1255; x_wconf 75' lang='lat' dir='ltr'><strong>remissionem</strong></span> <span class='ocrx_word' id='word_1_46' title='bbox 484 1174 663 1255; x_wconf 83' lang='lat' dir='ltr'><strong>ludumque</strong></span> <span class='ocrx_word' id='word_1_47' title='bbox 678 1173 886 1237; x_wconf 86' lang='lat' dir='ltr'><strong>descendere.</strong></span> <span class='ocrx_word' id='word_1_48' title='bbox 906 1244 909 1249; x_wconf 54' lang='grc'><em>,</em></span> <span class='ocrx_word' id='word_1_49' title='bbox 928 1174 987 1235; x_wconf 76' lang='lat' dir='ltr'><strong>Sic</strong></span> <span class='ocrx_word' id='word_1_50' title='bbox 1000 1173 1088 1239; x_wconf 84' lang='lat' dir='ltr'><strong>enim</strong></span> <span class='ocrx_word' id='word_1_51' title='bbox 1104 1195 1148 1242; x_wconf 81' lang='lat' dir='ltr'><strong>se</strong></span> 
     </span>
     <span class='ocr_line' id='line_1_8' title="bbox 126 1295 1150 1381; baseline 0.003 -23"><span class='ocrx_word' id='word_1_52' title='bbox 126 1317 180 1371; x_wconf 81' lang='lat' dir='ltr'><strong>res</strong></span> <span class='ocrx_word' id='word_1_53' title='bbox 191 1295 301 1371; x_wconf 83' lang='lat' dir='ltr'><strong>habet,</strong></span> <span class='ocrx_word' id='word_1_54' title='bbox 312 1308 348 1355; x_wconf 90' lang='lat' dir='ltr'><strong>ut</strong></span> <span class='ocrx_word' id='word_1_55' title='bbox 360 1296 641 1375; x_wconf 80' lang='lat' dir='ltr'><strong>quemadmodum</strong></span> <span class='ocrx_word' id='word_1_56' title='bbox 655 1297 807 1359; x_wconf 89' lang='lat' dir='ltr'><strong>volucres</strong></span> <span class='ocrx_word' id='word_1_57' title='bbox 830 1295 981 1361; x_wconf 88' lang='lat' dir='ltr'><strong>videmus</strong></span> <span class='ocrx_word' id='word_1_58' title='bbox 994 1319 1150 1381; x_wconf 89' lang='lat' dir='ltr'><strong>procrea·</strong></span> 
     </span>
     <span class='ocr_line' id='line_1_9' title="bbox 126 1415 1150 1499; baseline 0.006 -20"><span class='ocrx_word' id='word_1_59' title='bbox 126 1418 228 1479; x_wconf 88' lang='lat' dir='ltr'><strong>tionis</strong></span> <span class='ocrx_word' id='word_1_60' title='bbox 242 1430 337 1498; x_wconf 85' lang='lat' dir='ltr'><strong>atque</strong></span> <span class='ocrx_word' id='word_1_61' title='bbox 351 1415 502 1479; x_wconf 86' lang='lat' dir='ltr'><strong>utilitatis</strong></span> <span class='ocrx_word' id='word_1_62' title='bbox 515 1437 580 1480; x_wconf 77' lang='lat' dir='ltr'><strong>suae</strong></span> <span class='ocrx_word' id='word_1_63' title='bbox 608 1439 722 1480; x_wconf 86' lang='lat' dir='ltr'><strong>caussa</strong></span> <span class='ocrx_word' id='word_1_64' title='bbox 745 1417 867 1499; x_wconf 82' lang='lat' dir='ltr'><strong>fingere</strong></span> <span class='ocrx_word' id='word_1_65' title='bbox 895 1432 928 1481; x_wconf 88' lang='lat' dir='ltr'><strong>et</strong></span> <span class='ocrx_word' id='word_1_66' title='bbox 952 1433 1150 1485; x_wconf 87' lang='lat' dir='ltr'><strong>construere</strong></span> 
     </span>
     <span class='ocr_line' id='line_1_10' title="bbox 126 1542 1151 1624; baseline 0 -19"><span class='ocrx_word' id='word_1_67' title='bbox 126 1543 247 1612; x_wconf 88' lang='lat' dir='ltr'><strong>nid0s;</strong></span> <span class='ocrx_word' id='word_1_68' title='bbox 272 1542 405 1602; x_wconf 84' lang='lat' dir='ltr'><strong>easdem</strong></span> <span class='ocrx_word' id='word_1_69' title='bbox 419 1555 540 1617; x_wconf 88' lang='lat' dir='ltr'><strong>autem,</strong></span> <span class='ocrx_word' id='word_1_70' title='bbox 565 1565 640 1604; x_wconf 90' lang='lat' dir='ltr'><strong>cum</strong></span> <span class='ocrx_word' id='word_1_71' title='bbox 654 1542 780 1624; x_wconf 75' lang='lat' dir='ltr'><strong>aliquid</strong></span> <span class='ocrx_word' id='word_1_72' title='bbox 802 1543 982 1621; x_wconf 88' lang='lat' dir='ltr'><strong>effecerint,</strong></span> <span class='ocrx_word' id='word_1_73' title='bbox 1008 1542 1151 1609; x_wconf 86' lang='lat' dir='ltr'><strong>levandi</strong></span> 
     </span>
     <span class='ocr_line' id='line_1_11' title="bbox 95 1650 1152 1749; baseline 0 -16"><span class='ocrx_word' id='word_1_74' title='bbox 95 1650 96 1657; x_wconf 8' lang='grc' dir='ltr'>ἵ</span> <span class='ocrx_word' id='word_1_75' title='bbox 122 1667 246 1739; x_wconf 84' lang='lat' dir='ltr'><strong>laboris</strong></span> <span class='ocrx_word' id='word_1_76' title='bbox 257 1665 308 1729; x_wconf 90' lang='lat' dir='ltr'><strong>sui</strong></span> <span class='ocrx_word' id='word_1_77' title='bbox 319 1687 434 1729; x_wconf 82' lang='lat' dir='ltr'><strong>caussa</strong></span> <span class='ocrx_word' id='word_1_78' title='bbox 442 1665 565 1749; x_wconf 85' lang='lat' dir='ltr'><strong>passim</strong></span> <span class='ocrx_word' id='word_1_79' title='bbox 575 1686 612 1726; x_wconf 86' lang='lat' dir='ltr'><strong>ac</strong></span> <span class='ocrx_word' id='word_1_80' title='bbox 622 1663 724 1727; x_wconf 88' lang='lat' dir='ltr'><strong>libere</strong></span> <span class='ocrx_word' id='word_1_81' title='bbox 736 1667 857 1729; x_wconf 89' lang='lat' dir='ltr'><strong>solutas</strong></span> <span class='ocrx_word' id='word_1_82' title='bbox 868 1687 966 1748; x_wconf 89' lang='lat' dir='ltr'><strong>opere</strong></span> <span class='ocrx_word' id='word_1_83' title='bbox 985 1665 1152 1733; x_wconf 63' lang='lat' dir='ltr'><strong>volitare:</strong></span> 
     </span>
     <span class='ocr_line' id='line_1_12' title="bbox 127 1787 1150 1875; baseline -0.003 -18"><span class='ocrx_word' id='word_1_84' title='bbox 127 1794 178 1875; x_wconf 86' lang='lat' dir='ltr'><strong>sic</strong></span> <span class='ocrx_word' id='word_1_85' title='bbox 190 1790 294 1853; x_wconf 84' lang='lat' dir='ltr'><strong>nostri</strong></span> <span class='ocrx_word' id='word_1_86' title='bbox 307 1789 408 1853; x_wconf 88' lang='lat' dir='ltr'><strong>animi</strong></span> <span class='ocrx_word' id='word_1_87' title='bbox 421 1787 608 1851; x_wconf 82' lang='lat' dir='ltr'><strong>forensibus</strong></span> <span class='ocrx_word' id='word_1_88' title='bbox 626 1788 770 1872; x_wconf 81' lang='lat' dir='ltr'><strong>negotiis</strong></span> <span class='ocrx_word' id='word_1_89' title='bbox 795 1801 892 1872; x_wconf 83' lang='lat' dir='ltr'><strong>atque</strong></span> <span class='ocrx_word' id='word_1_90' title='bbox 906 1790 1029 1853; x_wconf 83' lang='lat' dir='ltr'><strong>urbano</strong></span> <span class='ocrx_word' id='word_1_91' title='bbox 1043 1813 1150 1875; x_wconf 81' lang='lat' dir='ltr'><strong>opere</strong></span> 
     </span>
     <span class='ocr_line' id='line_1_13' title="bbox 131 1882 1153 1991; baseline 0.006 -21"><span class='ocrx_word' id='word_1_92' title='bbox 131 1908 258 1979; x_wconf 58' lang='lat' dir='ltr'><strong>defessi-</strong></span> <span class='ocrx_word' id='word_1_93' title='bbox 268 1907 426 1991; x_wconf 83' lang='lat' dir='ltr'><strong>gestiunt,</strong></span> <span class='ocrx_word' id='word_1_94' title='bbox 446 1928 483 1969; x_wconf 86' lang='lat' dir='ltr'><strong>ac</strong></span> <span class='ocrx_word' id='word_1_95' title='bbox 506 1906 647 1968; x_wconf 80' lang='lat' dir='ltr'><strong>volitare</strong></span> <span class='ocrx_word' id='word_1_96' title='bbox 670 1908 815 1990; x_wconf 88' lang='lat' dir='ltr'><strong>cupiunt,</strong></span> <span class='ocrx_word' id='word_1_97' title='bbox 839 1882 935 1970; x_wconf 81' lang='lat' dir='ltr'><strong>vacui</strong></span> <span class='ocrx_word' id='word_1_98' title='bbox 945 1929 1023 1971; x_wconf 88' lang='lat' dir='ltr'><strong>cura</strong></span> <span class='ocrx_word' id='word_1_99' title='bbox 1046 1922 1153 1991; x_wconf 84' lang='lat' dir='ltr'><strong>atque</strong></span> 
     </span>
     <span class='ocr_line' id='line_1_14' title="bbox 128 2010 1153 2117; baseline 0.004 -31"><span class='ocrx_word' id='word_1_100' title='bbox 128 2010 254 2117; x_wconf 71' lang='lat' dir='ltr'><strong>isbore.</strong></span> <span class='ocrx_word' id='word_1_101' title='bbox 313 2025 427 2103; x_wconf 81' lang='lat' dir='ltr'><strong>Iraque</strong></span> <span class='ocrx_word' id='word_1_102' title='bbox 462 2025 555 2099; x_wconf 89' lang='lat' dir='ltr'><strong>illud,</strong></span> <span class='ocrx_word' id='word_1_103' title='bbox 592 2027 679 2106; x_wconf 90' lang='lat' dir='ltr'><strong>quod</strong></span> <span class='ocrx_word' id='word_1_104' title='bbox 705 2045 767 2109; x_wconf 84' lang='lat' dir='ltr'><strong>ego</strong></span> <span class='ocrx_word' id='word_1_105' title='bbox 790 2025 826 2087; x_wconf 90' lang='lat' dir='ltr'><strong>in</strong></span> <span class='ocrx_word' id='word_1_106' title='bbox 853 2047 967 2094; x_wconf 81' lang='lat' dir='ltr'><strong>caussa</strong></span> <span class='ocrx_word' id='word_1_107' title='bbox 1000 2024 1153 2089; x_wconf 68' lang='lat' dir='ltr'><strong>Curiana</strong></span> 
     </span>
     <span class='ocr_line' id='line_1_15' title="bbox 132 2143 1153 2231; baseline 0.012 -23"><span class='ocrx_word' id='word_1_108' title='bbox 132 2144 285 2231; x_wconf 71' lang='lat' dir='ltr'><strong>Scaeuolae</strong></span> <span class='ocrx_word' id='word_1_109' title='bbox 311 2143 394 2217; x_wconf 84' lang='lat' dir='ltr'><strong>dixi,</strong></span> <span class='ocrx_word' id='word_1_110' title='bbox 417 2166 483 2209; x_wconf 89' lang='lat' dir='ltr'><strong>non</strong></span> <span class='ocrx_word' id='word_1_111' title='bbox 507 2147 577 2208; x_wconf 85' lang='lat' dir='ltr'><strong>dixi</strong></span> <span class='ocrx_word' id='word_1_112' title='bbox 600 2169 695 2211; x_wconf 80' lang='lat' dir='ltr'><strong>secus</strong></span> <span class='ocrx_word' id='word_1_113' title='bbox 711 2147 952 2216; x_wconf 73' lang='lat' dir='ltr'><strong>assentiebam.</strong></span> <span class='ocrx_word' id='word_1_114' title='bbox 974 2151 1080 2228; x_wconf 83' lang='lat' dir='ltr'><strong>Nam,</strong></span> <span class='ocrx_word' id='word_1_115' title='bbox 1106 2154 1153 2230; x_wconf 65' lang='lat' dir='ltr'><strong>si,</strong></span> 
     </span>
     <span class='ocr_line' id='line_1_16' title="bbox 130 2266 1155 2359; baseline 0.009 -28"><span class='ocrx_word' id='word_1_116' title='bbox 130 2272 277 2352; x_wconf 83' lang='lat' dir='ltr'><strong>iuquam,</strong></span> <span class='ocrx_word' id='word_1_117' title='bbox 290 2268 436 2359; x_wconf 73' lang='lat' dir='ltr'><strong>Scoeoete,</strong></span> <span class='ocrx_word' id='word_1_118' title='bbox 449 2266 566 2329; x_wconf 77' lang='lat' dir='ltr'><strong>nullom</strong></span> <span class='ocrx_word' id='word_1_119' title='bbox 587 2268 651 2328; x_wconf 84' lang='lat' dir='ltr'><strong>erit</strong></span> <span class='ocrx_word' id='word_1_120' title='bbox 664 2281 895 2347; x_wconf 79' lang='lat' dir='ltr'><strong>testamentum,</strong></span> <span class='ocrx_word' id='word_1_121' title='bbox 920 2274 1155 2357; x_wconf 83' lang='lat' dir='ltr'><strong>reetesoctum,</strong></span> 
     </span>
     <span class='ocr_line' id='line_1_17' title="bbox 84 2377 1157 2483; baseline 0.002 -31"><span class='ocrx_word' id='word_1_122' title='bbox 84 2428 89 2443; x_wconf 65' lang='grc'><em>»</em></span> <span class='ocrx_word' id='word_1_123' title='bbox 132 2398 197 2475; x_wconf 51' lang='grc' dir='ltr'><strong>,μ’μ’</strong></span> <span class='ocrx_word' id='word_1_124' title='bbox 223 2391 307 2483; x_wconf 76' lang='lat' dir='ltr'><strong>quod</strong></span> <span class='ocrx_word' id='word_1_125' title='bbox 329 2405 364 2457; x_wconf 82' lang='lat' dir='ltr'><strong>tu</strong></span> <span class='ocrx_word' id='word_1_126' title='bbox 386 2391 567 2479; x_wconf 81' lang='lat' dir='ltr'><strong>scripseris,</strong></span> <span class='ocrx_word' id='word_1_127' title='bbox 599 2409 702 2455; x_wconf 74' lang='lat' dir='ltr'><strong>omres</strong></span> <span class='ocrx_word' id='word_1_128' title='bbox 726 2388 770 2448; x_wconf 80' lang='lat' dir='ltr'><strong>ed</strong></span> <span class='ocrx_word' id='word_1_129' title='bbox 791 2401 821 2450; x_wconf 85' lang='lat' dir='ltr'><strong>te</strong></span> <span class='ocrx_word' id='word_1_130' title='bbox 835 2390 917 2451; x_wconf 85' lang='lat' dir='ltr'><strong>cives</strong></span> <span class='ocrx_word' id='word_1_131' title='bbox 941 2409 1010 2452; x_wconf 86' lang='lat' dir='ltr'><strong>cum</strong></span> <span class='ocrx_word' id='word_1_132' title='bbox 1035 2377 1157 2459; x_wconf 65' lang='lat' dir='ltr'><strong>tabulis</strong></span> 
     </span>
     <span class='ocr_line' id='line_1_18' title="bbox 133 2513 1161 2602; baseline -0.006 -17"><span class='ocrx_word' id='word_1_133' title='bbox 133 2524 333 2600; x_wconf 56' lang='lat' dir='ltr'><strong>semesum.</strong></span> <span class='ocrx_word' id='word_1_134' title='bbox 354 2522 489 2586; x_wconf 83' lang='lat' dir='ltr'><strong>omnium</strong></span> <span class='ocrx_word' id='word_1_135' title='bbox 515 2531 700 2583; x_wconf 81' lang='lat' dir='ltr'><strong>testamenta</strong></span> <span class='ocrx_word' id='word_1_136' title='bbox 726 2513 900 2579; x_wconf 78' lang='lat' dir='ltr'><strong>rescribes</strong></span> <span class='ocrx_word' id='word_1_137' title='bbox 928 2536 1036 2579; x_wconf 79' lang='lat' dir='ltr'><strong>tinus:</strong></span> <span class='ocrx_word' id='word_1_138' title='bbox 1073 2518 1161 2602; x_wconf 82' lang='lat' dir='ltr'><strong>quid</strong></span> 
     </span>
     <span class='ocr_line' id='line_1_19' title="bbox 132 2617 1217 2734; baseline -0.009 -22"><span class='ocrx_word' id='word_1_139' title='bbox 132 2645 271 2734; x_wconf 75' lang='lat' dir='ltr'><strong>igitur?</strong></span> <span class='ocrx_word' id='word_1_140' title='bbox 306 2645 462 2722; x_wconf 82' lang='lat' dir='ltr'><strong>inquam3</strong></span> <span class='ocrx_word' id='word_1_141' title='bbox 498 2643 621 2728; x_wconf 77' lang='lat' dir='ltr'><strong>quando</strong></span> <span class='ocrx_word' id='word_1_142' title='bbox 657 2664 734 2726; x_wconf 80' lang='lat' dir='ltr'><strong>ages</strong></span> <span class='ocrx_word' id='word_1_143' title='bbox 768 2640 925 2727; x_wconf 81' lang='lat' dir='ltr'><strong>negotium</strong></span> <span class='ocrx_word' id='word_1_144' title='bbox 954 2617 1153 2724; x_wconf 70' lang='lat' dir='ltr'><strong>publicum?</strong></span> <span class='ocrx_word' id='word_1_145' title='bbox 1199 2653 1217 2684; x_wconf 82' lang='grc'><strong>-’</strong></span> 
     </span>
     <span class='ocr_line' id='line_1_20' title="bbox 132 2755 1158 2852; baseline -0.005 -26"><span class='ocrx_word' id='word_1_146' title='bbox 132 2762 257 2852; x_wconf 78' lang='lat' dir='ltr'><strong>quando</strong></span> <span class='ocrx_word' id='word_1_147' title='bbox 269 2755 471 2840; x_wconf 73' lang='lat' dir='ltr'><strong>amicerum?</strong></span> <span class='ocrx_word' id='word_1_148' title='bbox 493 2757 616 2842; x_wconf 82' lang='lat' dir='ltr'><strong>quando</strong></span> <span class='ocrx_word' id='word_1_149' title='bbox 632 2759 760 2819; x_wconf 56' lang='lat' dir='ltr'><strong>toarni</strong></span> <span class='ocrx_word' id='word_1_150' title='bbox 771 2759 895 2843; x_wconf 83' lang='lat' dir='ltr'><strong>quondo</strong></span> <span class='ocrx_word' id='word_1_151' title='bbox 917 2758 1049 2846; x_wconf 82' lang='lat' dir='ltr'><strong>dertique</strong></span> <span class='ocrx_word' id='word_1_152' title='bbox 1069 2757 1158 2823; x_wconf 75' lang='lat' dir='ltr'><strong>mihil</strong></span> 
     </span>
     <span class='ocr_line' id='line_1_21' title="bbox 130 2874 1156 2972; baseline 0 -28"><span class='ocrx_word' id='word_1_153' title='bbox 130 2905 207 2972; x_wconf 78' lang='lat' dir='ltr'><strong>ages</strong></span> <span class='ocrx_word' id='word_1_154' title='bbox 218 2880 236 2942; x_wconf 65' lang='grc' dir='ltr'><strong><em>ἒ</em></strong></span> <span class='ocrx_word' id='word_1_155' title='bbox 260 2879 350 2941; x_wconf 92' lang='lat' dir='ltr'><strong>Tum</strong></span> <span class='ocrx_word' id='word_1_156' title='bbox 362 2874 442 2937; x_wconf 81' lang='lat' dir='ltr'><strong>iilud</strong></span> <span class='ocrx_word' id='word_1_157' title='bbox 455 2874 578 2945; x_wconf 84' lang='lat' dir='ltr'><strong>addidi,</strong></span> <span class='ocrx_word' id='word_1_158' title='bbox 592 2876 669 2937; x_wconf 79' lang='lat' dir='ltr'><strong>milri</strong></span> <span class='ocrx_word' id='word_1_159' title='bbox 679 2877 763 2939; x_wconf 81' lang='lat' dir='ltr'><strong>enim</strong></span> <span class='ocrx_word' id='word_1_160' title='bbox 772 2878 849 2939; x_wconf 88' lang='lat' dir='ltr'><strong>liber</strong></span> <span class='ocrx_word' id='word_1_161' title='bbox 861 2900 1002 2943; x_wconf 86' lang='lat' dir='ltr'><strong>essenon</strong></span> <span class='ocrx_word' id='word_1_162' title='bbox 1013 2882 1156 2959; x_wconf 78' lang='lat' dir='ltr'><strong>videtur,</strong></span> 
     </span>
     <span class='ocr_line' id='line_1_22' title="bbox 133 2980 1154 3098; baseline -0.003 -32"><span class='ocrx_word' id='word_1_163' title='bbox 133 2980 260 3098; x_wconf 67' lang='lat' dir='ltr'><strong>qainon</strong></span> <span class='ocrx_word' id='word_1_164' title='bbox 274 2997 439 3086; x_wconf 74' lang='lat' dir='ltr'><strong>aliquando</strong></span> <span class='ocrx_word' id='word_1_165' title='bbox 455 2998 536 3061; x_wconf 81' lang='lat' dir='ltr'><strong>mihil</strong></span> <span class='ocrx_word' id='word_1_166' title='bbox 546 2997 640 3079; x_wconf 79' lang='lat' dir='ltr'><strong>agit:</strong></span> <span class='ocrx_word' id='word_1_167' title='bbox 665 2995 699 3056; x_wconf 90' lang='lat' dir='ltr'><strong>in</strong></span> <span class='ocrx_word' id='word_1_168' title='bbox 712 3016 899 3077; x_wconf 81' lang='lat' dir='ltr'><strong>permanen,</strong></span> <span class='ocrx_word' id='word_1_169' title='bbox 922 2996 1051 3090; x_wconf 67' lang='lat' dir='ltr'><strong>Catule,</strong></span> <span class='ocrx_word' id='word_1_170' title='bbox 1076 3022 1154 3064; x_wconf 88' lang='lat' dir='ltr'><strong>sen-</strong></span> 
     </span>
     <span class='ocr_line' id='line_1_23' title="bbox 130 3094 1154 3205; baseline -0.005 -17"><span class='ocrx_word' id='word_1_171' title='bbox 130 3125 236 3191; x_wconf 83' lang='lat' dir='ltr'><strong>tentia</strong></span> <span class='ocrx_word' id='word_1_172' title='bbox 252 3151 260 3197; x_wconf 89' lang='lat'>;</span> <span class='ocrx_word' id='word_1_173' title='bbox 283 3144 413 3203; x_wconf 81' lang='lat' dir='ltr'><strong>meque,</strong></span> <span class='ocrx_word' id='word_1_174' title='bbox 438 3143 513 3183; x_wconf 91' lang='lat' dir='ltr'><strong>cum</strong></span> <span class='ocrx_word' id='word_1_175' title='bbox 525 3094 691 3197; x_wconf 39' lang='lat' dir='ltr'><strong>huc&#39;veni,</strong></span> <span class='ocrx_word' id='word_1_176' title='bbox 704 3121 767 3183; x_wconf 88' lang='lat' dir='ltr'><strong>hoc</strong></span> <span class='ocrx_word' id='word_1_177' title='bbox 780 3120 888 3205; x_wconf 86' lang='lat' dir='ltr'><strong>ipsum</strong></span> <span class='ocrx_word' id='word_1_178' title='bbox 900 3120 984 3182; x_wconf 87' lang='lat' dir='ltr'><strong>nihil</strong></span> <span class='ocrx_word' id='word_1_179' title='bbox 990 3141 1093 3204; x_wconf 85' lang='lat' dir='ltr'><strong>agere</strong></span> <span class='ocrx_word' id='word_1_180' title='bbox 1116 3136 1154 3184; x_wconf 84' lang='lat' dir='ltr'><strong>ot</strong></span> 
     </span>
     <span class='ocr_line' id='line_1_24' title="bbox 133 3223 1155 3341; baseline -0.008 -28"><span class='ocrx_word' id='word_1_181' title='bbox 133 3251 227 3341; x_wconf 67' lang='lat' dir='ltr'><strong>piane</strong></span> <span class='ocrx_word' id='word_1_182' title='bbox 240 3267 366 3310; x_wconf 82' lang='lat' dir='ltr'><strong>cessare</strong></span> <span class='ocrx_word' id='word_1_183' title='bbox 381 3245 530 3308; x_wconf 81' lang='lat' dir='ltr'><strong>delectat.</strong></span> <span class='ocrx_word' id='word_1_184' title='bbox 579 3244 682 3320; x_wconf 85' lang='lat' dir='ltr'><strong>Nam,</strong></span> <span class='ocrx_word' id='word_1_185' title='bbox 709 3223 798 3326; x_wconf 81' lang='lat' dir='ltr'><strong>quod</strong></span> <span class='ocrx_word' id='word_1_186' title='bbox 819 3242 978 3306; x_wconf 83' lang='lat' dir='ltr'><strong>addidisti</strong></span> <span class='ocrx_word' id='word_1_187' title='bbox 1003 3244 1155 3326; x_wconf 82' lang='lat' dir='ltr'><strong>tertium,</strong></span> 
     </span>
     <span class='ocr_line' id='line_1_25' title="bbox 132 3364 1151 3459; baseline -0.01 -23"><span class='ocrx_word' id='word_1_188' title='bbox 132 3396 193 3435; x_wconf 84' lang='lat' dir='ltr'><strong>vos</strong></span> <span class='ocrx_word' id='word_1_189' title='bbox 208 3394 263 3434; x_wconf 85' lang='lat' dir='ltr'><strong>eos</strong></span> <span class='ocrx_word' id='word_1_190' title='bbox 276 3389 360 3459; x_wconf 75' lang='lat' dir='ltr'><strong>esse,</strong></span> <span class='ocrx_word' id='word_1_191' title='bbox 373 3365 429 3447; x_wconf 89' lang='lat' dir='ltr'><strong>qui</strong></span> <span class='ocrx_word' id='word_1_192' title='bbox 443 3365 546 3426; x_wconf 81' lang='lat' dir='ltr'><strong>vitam</strong></span> <span class='ocrx_word' id='word_1_193' title='bbox 560 3364 730 3430; x_wconf 87' lang='lat' dir='ltr'><strong>insuavem</strong></span> <span class='ocrx_word' id='word_1_194' title='bbox 744 3369 812 3431; x_wconf 91' lang='lat' dir='ltr'><strong>sine</strong></span> <span class='ocrx_word' id='word_1_195' title='bbox 823 3367 876 3430; x_wconf 92' lang='lat' dir='ltr'><strong>his</strong></span> <span class='ocrx_word' id='word_1_196' title='bbox 890 3366 1008 3431; x_wconf 87' lang='lat' dir='ltr'><strong>studiis</strong></span> <span class='ocrx_word' id='word_1_197' title='bbox 1018 3382 1151 3452; x_wconf 65' lang='lat' dir='ltr'><strong>putare,</strong></span> 
     </span>
    </p>
   </div>
   <div class='ocr_carea' id='block_1_4' title="bbox 131 3488 1150 3686">
    <p class='ocr_par' dir='ltr' id='par_1_4' title="bbox 131 3488 1150 3686">
     <span class='ocr_line' id='line_1_26' title="bbox 131 3488 1150 3573; baseline -0.006 -13"><span class='ocrx_word' id='word_1_198' title='bbox 131 3499 190 3573; x_wconf 83' lang='lat' dir='ltr'><strong>tis,</strong></span> <span class='ocrx_word' id='word_1_199' title='bbox 216 3497 252 3558; x_wconf 91' lang='lat' dir='ltr'><strong>id</strong></span> <span class='ocrx_word' id='word_1_200' title='bbox 264 3516 316 3556; x_wconf 88' lang='lat' dir='ltr'><strong>me</strong></span> <span class='ocrx_word' id='word_1_201' title='bbox 330 3511 394 3553; x_wconf 88' lang='lat' dir='ltr'><strong>non</strong></span> <span class='ocrx_word' id='word_1_202' title='bbox 406 3488 505 3550; x_wconf 91' lang='lat' dir='ltr'><strong>modo</strong></span> <span class='ocrx_word' id='word_1_203' title='bbox 518 3507 584 3548; x_wconf 83' lang='lat' dir='ltr'><strong>uon</strong></span> <span class='ocrx_word' id='word_1_204' title='bbox 596 3488 746 3553; x_wconf 86' lang='lat' dir='ltr'><strong>hortatur</strong></span> <span class='ocrx_word' id='word_1_205' title='bbox 758 3494 800 3553; x_wconf 85' lang='lat' dir='ltr'><strong>ad</strong></span> <span class='ocrx_word' id='word_1_206' title='bbox 813 3492 1059 3573; x_wconf 69' lang='lat' dir='ltr'><strong>disputandum,</strong></span> <span class='ocrx_word' id='word_1_207' title='bbox 1087 3495 1150 3554; x_wconf 85' lang='lat' dir='ltr'><strong>sed</strong></span> 
     </span>
     <span class='ocr_line' id='line_1_27' title="bbox 134 3607 1148 3686; baseline -0.01 -7"><span class='ocrx_word' id='word_1_208' title='bbox 134 3617 235 3679; x_wconf 82' lang='lat' dir='ltr'><strong>etium</strong></span> <span class='ocrx_word' id='word_1_209' title='bbox 249 3610 401 3676; x_wconf 81' lang='lat' dir='ltr'><strong>deterret.</strong></span> <span class='ocrx_word' id='word_1_210' title='bbox 449 3607 551 3683; x_wconf 85' lang='lat' dir='ltr'><strong>Nam,</strong></span> <span class='ocrx_word' id='word_1_211' title='bbox 572 3621 609 3670; x_wconf 89' lang='lat' dir='ltr'><strong>ut</strong></span> <span class='ocrx_word' id='word_1_212' title='bbox 623 3608 662 3669; x_wconf 87' lang='lat' dir='ltr'><strong>C.</strong></span> <span class='ocrx_word' id='word_1_213' title='bbox 677 3609 837 3686; x_wconf 80' lang='lat' dir='ltr'><strong>Luciiius,</strong></span> <span class='ocrx_word' id='word_1_214' title='bbox 858 3610 961 3669; x_wconf 76' lang='lat' dir='ltr'><strong>homo</strong></span> <span class='ocrx_word' id='word_1_215' title='bbox 983 3608 1098 3668; x_wconf 81' lang='lat' dir='ltr'><strong>doctus</strong></span> <span class='ocrx_word' id='word_1_216' title='bbox 1112 3609 1148 3669; x_wconf 80' lang='lat' dir='ltr'><strong>e&#39;t</strong></span> 
     </span>
    </p>
   </div>
   <div class='ocr_carea' id='block_1_5' title="bbox 132 3728 1154 3936">
    <p class='ocr_par' dir='ltr' id='par_1_5' title="bbox 132 3719 1154 3936">
     <span class='ocr_line' id='line_1_28' title="bbox 132 3728 1152 3825; baseline -0.012 -24"><span class='ocrx_word' id='word_1_217' title='bbox 132 3740 347 3825; x_wconf 84' lang='lat' dir='ltr'><strong>perurbanus,</strong></span> <span class='ocrx_word' id='word_1_218' title='bbox 361 3732 470 3795; x_wconf 88' lang='lat' dir='ltr'><strong>dicere</strong></span> <span class='ocrx_word' id='word_1_219' title='bbox 484 3731 618 3809; x_wconf 86' lang='lat' dir='ltr'><strong>solebat,</strong></span> <span class='ocrx_word' id='word_1_220' title='bbox 633 3754 680 3808; x_wconf 85' lang='lat' dir='ltr'><strong>ee,</strong></span> <span class='ocrx_word' id='word_1_221' title='bbox 694 3754 761 3819; x_wconf 80' lang='lat' dir='ltr'><strong>qtter</strong></span> <span class='ocrx_word' id='word_1_222' title='bbox 774 3730 936 3806; x_wconf 80' lang='lat' dir='ltr'><strong>scriberet,</strong></span> <span class='ocrx_word' id='word_1_223' title='bbox 952 3750 1052 3818; x_wconf 82' lang='lat' dir='ltr'><strong>neque</strong></span> <span class='ocrx_word' id='word_1_224' title='bbox 1063 3750 1098 3793; x_wconf 89' lang='lat' dir='ltr'><strong>se</strong></span> <span class='ocrx_word' id='word_1_225' title='bbox 1112 3728 1152 3789; x_wconf 81' lang='lat' dir='ltr'><strong>od</strong></span> 
     </span>
     <span class='ocr_line' id='line_1_29' title="bbox 134 3844 1154 3936; baseline -0.011 -17"><span class='ocrx_word' id='word_1_226' title='bbox 134 3852 368 3925; x_wconf 77' lang='lat' dir='ltr'><strong>indoctissimis,</strong></span> <span class='ocrx_word' id='word_1_227' title='bbox 389 3868 488 3936; x_wconf 80' lang='lat' dir='ltr'><strong>neque</strong></span> <span class='ocrx_word' id='word_1_228' title='bbox 498 3847 536 3907; x_wconf 83' lang='lat' dir='ltr'><strong>ab</strong></span> <span class='ocrx_word' id='word_1_229' title='bbox 549 3848 738 3913; x_wconf 77' lang='lat' dir='ltr'><strong>electissimis</strong></span> <span class='ocrx_word' id='word_1_230' title='bbox 754 3848 817 3933; x_wconf 84' lang='lat' dir='ltr'><strong>legi</strong></span> <span class='ocrx_word' id='word_1_231' title='bbox 832 3847 930 3917; x_wconf 87' lang='lat' dir='ltr'><strong>velle;</strong></span> <span class='ocrx_word' id='word_1_232' title='bbox 954 3844 1039 3933; x_wconf 83' lang='lat' dir='ltr'><strong>quod</strong></span> <span class='ocrx_word' id='word_1_233' title='bbox 1056 3846 1154 3909; x_wconf 82' lang='lat' dir='ltr'><strong>alteri</strong></span> 
     </span>
    </p>
   </div>
   <div class='ocr_carea' id='block_1_6' title="bbox 137 3956 1185 4058">
    <p class='ocr_par' dir='ltr' id='par_1_6' title="bbox 137 3956 1185 4058">
     <span class='ocr_line' id='line_1_30' title="bbox 137 3956 1185 4058; baseline -0.021 -9"><span class='ocrx_word' id='word_1_234' title='bbox 137 3980 217 4048; x_wconf 77' lang='lat' dir='ltr'><strong>uidit</strong></span> <span class='ocrx_word' id='word_1_235' title='bbox 238 3975 461 4058; x_wconf 67' lang='lat' dir='ltr'><strong>intelligerent,</strong></span> <span class='ocrx_word' id='word_1_236' title='bbox 485 3973 579 4035; x_wconf 86' lang='lat' dir='ltr'><strong>elteri</strong></span> <span class='ocrx_word' id='word_1_237' title='bbox 600 3974 674 4057; x_wconf 81' lang='lat' dir='ltr'><strong>plus</strong></span> <span class='ocrx_word' id='word_1_238' title='bbox 690 3967 849 4056; x_wconf 84' lang='lat' dir='ltr'><strong>sortasse,</strong></span> <span class='ocrx_word' id='word_1_239' title='bbox 867 3956 966 4058; x_wconf 31' lang='lat' dir='ltr'><strong>*qttam</strong></span> <span class='ocrx_word' id='word_1_240' title='bbox 989 3970 1082 4056; x_wconf 82' lang='lat' dir='ltr'><strong>ipse:</strong></span> <span class='ocrx_word' id='word_1_241' title='bbox 1106 3966 1148 4028; x_wconf 87' lang='lat' dir='ltr'><strong>de</strong></span> <span class='ocrx_word' id='word_1_242' title='bbox 1184 3980 1185 3983; x_wconf 74' lang='grc'>’</span> 
     </span>
    </p>
   </div>
   <div class='ocr_carea' id='block_1_7' title="bbox 135 4083 1148 4279">
    <p class='ocr_par' dir='ltr' id='par_1_7' title="bbox 135 4083 1148 4279">
     <span class='ocr_line' id='line_1_31' title="bbox 135 4083 1148 4185; baseline -0.019 -20"><span class='ocrx_word' id='word_1_243' title='bbox 135 4097 314 4185; x_wconf 77' lang='lat' dir='ltr'><strong>quostiam</strong></span> <span class='ocrx_word' id='word_1_244' title='bbox 332 4094 477 4179; x_wconf 85' lang='lat' dir='ltr'><strong>scripsit,</strong></span> <span class='ocrx_word' id='word_1_245' title='bbox 502 4093 646 4160; x_wconf 79' lang='lat' dir='ltr'><strong>Persium</strong></span> <span class='ocrx_word' id='word_1_246' title='bbox 661 4116 724 4161; x_wconf 81' lang='lat' dir='ltr'><strong>noa</strong></span> <span class='ocrx_word' id='word_1_247' title='bbox 737 4111 812 4156; x_wconf 82' lang='lat' dir='ltr'><strong>cure</strong></span> <span class='ocrx_word' id='word_1_248' title='bbox 834 4094 938 4177; x_wconf 76' lang='lat' dir='ltr'><strong>legere</strong></span> <span class='ocrx_word' id='word_1_249' title='bbox 965 4083 1034 4177; x_wconf 85' lang='lat' dir='ltr'><strong>(hic</strong></span> <span class='ocrx_word' id='word_1_250' title='bbox 1058 4086 1148 4148; x_wconf 89' lang='lat' dir='ltr'><strong>enim</strong></span> 
     </span>
     <span class='ocr_line' id='line_1_32' title="bbox 778 4201 1143 4279; baseline -0.019 -9"><span class='ocrx_word' id='word_1_251' title='bbox 778 4212 781 4218; x_wconf 85' lang='grc'><em>’</em></span> <span class='ocrx_word' id='word_1_252' title='bbox 1069 4201 1143 4279; x_wconf 88' lang='lat' dir='ltr'><strong>fuit,</strong></span> 
     </span>
    </p>
   </div>
   <div class='ocr_carea' id='block_1_8' title="bbox 0 0 1386 4950">
    <p class='ocr_par' dir='ltr' id='par_1_8' title="bbox 0 0 1386 4950">
     <span class='ocr_line' id='line_1_33' title="bbox 0 0 1386 4950; baseline 0 0"><span class='ocrx_word' id='word_1_253' title='bbox 0 0 1386 4950; x_wconf 95' lang='lat' dir='ltr'><strong> </strong></span> 
     </span>
    </p>
   </div>
  </div>
 </body>
</html>
