2742 4950
468 381 844 445 Lrsrs1.1s.
1115 397 1157 457 ῃ.

138 581 219 643 quae
232 553 288 619 isti
299 549 463 636 magistri,
487 549 545 633 qui
560 547 732 615 Rhetoriei
742 562 910 631 vocantur,
932 567 994 614 nec
1008 552 1154 635 tradunt,

136 690 334 746 necterent·
380 675 468 750 Quis
490 673 579 737 enim
591 671 699 736 nescit
720 671 899 738 maximam
919 674 990 739 vim
1010 675 1153 743 existere
1169 746 1173 751 ,

138 800 281 866 oratoris
290 800 324 862 in
335 798 509 864 hominum
518 800 685 864 mentibus
695 801 750 865 vel
758 803 800 866 ad
808 802 903 882 iram,
916 807 1156 893 autadodium,

139 936 197 989 aut
205 920 358 991 dolorem
367 921 612 1002 incitandis,vel
620 922 757 987 abhisce
766 924 888 992 iisdem
896 930 1155 1012 permotionibus

140 1045 186 1109 ad
195 1044 369 1109 lenitatem
381 1042 707 1125 misericordiamque
720 1047 938 1111 revocandis?
962 1050 1072 1133 queit,
1091 1052 1155 1114 nisi

139 1169 199 1250 qui
225 1183 359 1233 naturas
391 1166 577 1255 hominum,
610 1163 746 1249 vimque
772 1188 906 1231 omnem
930 1168 1154 1252 humanitatis,

141 1303 345 1367 caussasque
359 1304 428 1359 eas,
454 1281 571 1362 quibus
583 1293 707 1344 mentes
721 1296 776 1344 aut
789 1283 965 1350 incitantur
977 1302 1034 1352 aut
1043 1288 1159 1353 reflec-

140 1404 410 1488 tuntur,penitus
416 1380 630 1487 perspexerit,
642 1403 793 1486 dicendo,
801 1409 889 1489 quod
895 1408 996 1489 volet,
1002 1411 1158 1495 perficere

140 1546 213 1589 non
225 1524 354 1611 poterit.
402 1525 509 1608 Atqui
525 1538 614 1588 totus
629 1525 684 1588 hic
697 1525 788 1590 locus
801 1529 1070 1614 philosophorum
1080 1554 1156 1629 pro·

16 1730 18 1743 1
138 1647 232 1732 prius
241 1647 385 1726 videtur,
397 1668 500 1731 neque
515 1660 638 1726 orator,
650 1668 704 1709 me
718 1660 860 1728 auctore,
873 1669 1156 1740 umquamrepug.

16 1798 34 1823 κ.
141 1769 257 1832 nabit:
284 1770 354 1849 sed,
376 1789 452 1832 cum
476 1767 541 1831 illis
556 1765 782 1852 cognitionem
807 1787 919 1831 rerum
946 1773 1156 1851 concesserit,

15 1870 24 1883 χ’
143 1891 235 1970 quod
248 1889 280 1951 in
293 1911 332 1955 ea
345 1887 452 1951 solum
475 1887 523 1950 illi
548 1886 713 1953 voluerint
733 1885 910 1964 elaborare,
931 1888 1162 1953 tractationem

129 2012 314 2091 orationis,
338 2032 410 2095 quae
425 2009 495 2073 sine
510 1982 565 2072 IIIa
576 2007 717 2071 scientia
728 1992 820 2070 nulla
832 2020 893 2087 est,
917 2005 980 2070 sibi
1002 2021 1156 2075 assumet.

145 2138 223 2200 Hoc
236 2135 324 2201 enim
337 2148 388 2200 est
401 2131 572 2217 proprium
584 2128 735 2209 oratoris,
759 2129 848 2214 quod
873 2150 959 2215 saepe
979 2130 1051 2218 jam
1075 2131 1158 2213 dixi,

142 2256 256 2320 oratio
267 2253 376 2339 gravis
389 2264 551 2333 etornata,
562 2265 594 2316 et
604 2250 779 2315 hominum
790 2249 937 2319 sensibus
949 2273 987 2316 ac
995 2253 1158 2318 mentibus

144 2375 404 2442 accommodata.
870 2368 871 2371 ¹

189 2627 203 2703 I
218 2627 318 2690 XIII.
365 2624 497 2702 Quibus
511 2625 553 2688 de
565 2625 663 2688 rebus
678 2624 897 2692 Aristotelem
906 2635 940 2690 et
951 2622 1161 2714 Theophras·

140 2761 216 2810 tum
229 2746 403 2828 scripsisse
412 2745 532 2803 fateor.
570 2741 635 2805 Sed
643 2744 731 2823 vide,
742 2767 783 2811 ne
794 2746 870 2825 hoc,
885 2742 1042 2822 Scaevola,
1053 2756 1159 2814 totum

143 2867 192 2931 sit
203 2887 298 2928 ame.
334 2863 422 2927 Nam
437 2887 509 2951 ego,
529 2883 686 2950 quaesunt
702 2870 824 2933 oratori
844 2862 996 2933 cumillis
1010 2887 1159 2933 commu·

144 2989 218 3068 nia,
230 3008 292 3051 uon
304 2981 435 3050 mutuor
449 2988 487 3052 ab
502 2988 566 3051 illis
581 3016 589 3065 3
604 2991 673 3069 isti,
687 3011 755 3072 quae
766 2995 806 3059 de
816 2992 869 3057 his
878 2993 975 3055 rebus
983 2991 1162 3074 disputant,

142 3103 312 3178 oratorum
327 3135 399 3179 esse
422 3114 617 3177 concedunt.
665 3112 781 3194 Itaque
804 3130 933 3183 caeteros
955 3114 1056 3177 libros
1080 3114 1159 3178 artis

1101 3235 1156 3304 isti

171 3482 186 3509 ·
208 3477 296 3533 Some,
309 3471 405 3524 instead
417 3471 448 3520 of
453 3487 512 3536 qut,
534 3472 593 3522 read
608 3489 688 3537 quare.
722 3477 804 3529 There
813 3479 835 3528 is
844 3495 878 3529 no
893 3480 1018 3535 occasion,
1038 3479 1165 3537 horreret,

141 3595 170 3633 to
180 3579 260 3632 make
271 3581 314 3630 the
325 3578 470 3635 alteration;
490 3579 536 3638 for,
549 3582 623 3633 when
636 3582 725 3631 Cicero
739 3597 793 3632 uses
803 3583 929 3633 etelstive
939 3595 1058 3649 proneam,
1079 3579 1105 3629 in
1122 3580 1166 3631 the

133 3688 283 3768 ¹beginning
293 3686 324 3735 of
329 3703 344 3735 a
359 3697 479 3745 sentence,
500 3689 532 3737 he
552 3687 688 3753 frequently
700 3698 798 3755 repeats
816 3690 859 3738 the
877 3702 955 3747 seme,
977 3702 1006 3735 or
1022 3684 1169 3752 employst
1202 3658 1204 3673 ‚

141 3790 242 3841 simssar
251 3789 328 3850 word,
341 3792 367 3840 in
378 3794 419 3841 the
430 3792 502 3841 latter
511 3804 575 3859 part.
610 3795 694 3845 There
711 3811 752 3844 are
768 3795 865 3860 ellipses
875 3795 941 3851 here,
960 3792 1045 3842 which
1055 3805 1114 3852 may
1133 3790 1164 3844 bt

144 3897 203 3943 tlrus
222 3895 347 3961 supplied:
368 3896 425 3966 Qae
445 3897 550 3966 (orator)
567 3902 678 3969 perficere
694 3920 736 3952 non
747 3902 841 3968 poterit,
862 3901 908 3949 nisi
930 3898 994 3964 (ille)
1015 3898 1054 3962 qui
1065 3906 1165 3946 naturas
1186 3867 1193 3884 ι

142 3998 277 4060 hominum,
296 4003 392 4064 sintque
408 4018 505 4053 ornnem
515 4001 681 4061 humanitatis,
706 4020 832 4068 causasque
847 4018 897 4058 ear,
917 4000 998 4065 quibus
1016 4010 1105 4052 motus
1124 4003 1170 4045 aut
1257 4033 1258 4036 η

140 4102 269 4151 incitetur
289 4112 330 4149 asse
349 4099 497 4168 reflectuntur,
515 4082 608 4169 perimi
622 4106 787 4171 perspexero,-
817 4102 981 4169 (inermem,
1004 4099 1045 4165 qui
1065 4101 1171 4172 natum

141 4205 288 4261 hominum,
300 4203 475 4270 &ce-penitus
483 4210 645 4274 perspexerit)
658 4206 758 4266 dicendo,
770 4204 830 4271 qnod
837 4207 905 4266 vole,
919 4208 1047 4273 (perficere
1052 4198 1167 4268 poterit.)
1228 4282 1231 4289 Ι

179 4306 259 4355 Some
271 4318 380 4372 suppose,
392 4309 447 4358 that
456 4324 503 4373 qun
515 4309 535 4357 is
546 4308 692 4368 redundant,
711 4325 739 4359 or
748 4309 873 4375 governed
882 4312 913 4375 by
925 4308 1000 4375 quoad
1008 4299 1167 4358 underfltffi'
1182 4355 1190 4372 ,
