2742 4950
485 294 862 396 1.raaal.5³.¹
1118 309 1159 368 §a

149 473 191 526 ut
209 460 267 527 illi
280 461 379 536 aiunt,
404 460 455 527 vir
467 461 562 525 fortis
574 482 644 527 esse
658 481 724 524 non
735 475 842 545 potest
852 463 890 525 t*
910 460 1029 525 omitto
1031 464 1161 551 fauces,

147 608 198 651 ex
212 589 331 672 quibus
351 600 384 650 te
408 587 489 672 eripi
512 587 576 662 vis,
601 608 642 651 ne
663 560 928 673 judicio-iniquo
949 592 1164 659 exsorbeatur

146 708 290 793 sanguis
317 721 415 786 tuus3
449 707 540 794 quod
565 706 703 792 sapienti
729 719 849 791 negant
872 708 1020 776 accidere
1039 733 1159 796 posset

97 888 106 905 ,
148 834 282 895 servire
293 854 373 897 vero
385 856 452 897 nou
465 835 566 899 medo
575 846 619 913 te,
633 831 692 895 scd
701 831 891 894 universum
899 845 1056 913 senatum,
1069 837 1162 921 cujus

1156 928 1168 949 .

137 934 218 1016 Δὶιιιιι
234 976 388 1021 caussam
403 958 533 1043 agebas,
558 977 657 1020 ausus
670 976 705 1018 es
720 953 853 1018 dicere?
883 951 1034 1043 Potestne
1047 956 1164 1038 virtus,

85 1080 87 1089 ”
145 1062 447 1163 (3ταεες,ἐεῐνὶίε,
473 1082 544 1165 istis
566 1077 766 1153 auctoribus,
789 1093 929 1156 quorum
951 1086 989 1136 tu
1012 1090 1167 1161 precepta

143 1202 296 1271 oratoris
317 1202 473 1267 facultate
498 1198 748 1284 complecteris?
771 1219 839 1280 quae
855 1211 888 1260 et
900 1218 1030 1282 semper
1050 1213 1084 1264 et
1094 1201 1163 1266 sola

138 1315 258 1383 libera
270 1334 334 1397 est,
344 1340 492 1413 quaeque,
505 1321 643 1391 etiamsi
656 1339 790 1402 corpora
803 1331 895 1402 capta
906 1319 970 1382 sint
983 1308 1095 1403 arinis,
1109 1338 1165 1388 aut
1265 1337 1268 1344 '

141 1442 333 1505 constricta
341 1442 491 1521 vinculis,
501 1455 613 1507 'tamen
622 1464 718 1507 suum
725 1443 781 1529 jus
791 1455 887 1525 atque
896 1444 1043 1508 omnium
1051 1467 1163 1511 rerum

140 1560 661 1651 impunitamlibertatemtenere
671 1568 797 1630 debeat.
826 1567 1163 1649 Quaeveroaddidisti,

142 1668 229 1748 Non
238 1691 623 1761 modosenatumservire
627 1689 857 1780 poaeepopulo‚
865 1690 1026 1755 sedetiam
1034 1691 1162 1765 debere,-

142 1805 224 1885 quis
246 1807 309 1872 hoc
330 1810 555 1897 philosophus,
579 1825 647 1876 tam
661 1811 783 1891 mollis,
805 1826 874 1874 tam
885 1812 1072 1896 languidus,
1095 1827 1165 1875 tam
1269 1879 1271 1889 ,

141 1943 331 2011 enervatus,
353 1945 421 1998 tam
433 1933 540 1996 omnia
553 1934 595 1996 ad
607 1933 811 2014 voluptatem
835 1931 983 2015 corporis
1003 1931 1164 1997 dolorem·

147 2063 216 2126 que
232 2047 391 2125 referens,
411 2052 548 2135 probare
561 2066 671 2135 posset
687 2054 698 2114 ἓ
723 2054 880 2115 Senatum
894 2053 1018 2115 servire
1032 2055 1163 2138 populo,

146 2161 206 2226 cui
232 2167 373 2250 populus
388 2169 454 2253 ipse
467 2173 658 2237 moderandi
679 2187 713 2237 et
733 2172 868 2258 regendi
890 2172 940 2235 sui
953 2186 1160 2258 potestatem,

147 2286 249 2368 quasi
261 2290 418 2369 quasdam
431 2292 584 2370 habenas,
597 2263 812 2359 tradidisset?
1255 2265 1258 2270 Ι

106 2549 112 2562 ‘
175 2531 188 2609 I
208 2534 308 2598 LIII.
325 2537 440 2621 ltaque
454 2538 539 2617 haec,
550 2559 627 2604 cum
640 2550 691 2598 ate
700 2533 926 2617 divinitusego
934 2533 1021 2597 dicta
1029 2531 1162 2598 arbitra·

154 2659 271 2739 rer‚P.
283 2659 430 2722 Rutilius
444 2657 587 2738 Rufus‚†
596 2655 695 2719 homo
704 2658 817 2722 doetus
828 2673 860 2724 et
869 2657 1078 2743 philosophiae
1087 2659 1165 2724 ded.
1187 2641 1196 2662 '

99 2828 105 2841 s
141 2794 215 2858 tus,
228 2783 529 2866 nomouoparum
549 2782 733 2861 commode,
754 2782 816 2862 sed
839 2782 938 2846 etiam
955 2779 1108 2866 ‘turpiter
1132 2795 1165 2849 et

142 2904 310 2991 flagitiose
327 2904 415 2967 dicta
431 2926 503 2969 esse
531 2903 670 2970 dicebat.
707 2906 883 2995 'Idemque
907 2904 1065 2968 Servium
1087 2907 1163 2971 Gal·
1202 2955 1207 2962 .

141 3027 253 3110 bam,‡
267 3048 365 3124 quem
378 3026 545 3110 hominem
557 3025 657 3110 probe
674 3024 940 3092 commeminisse
986 3046 1022 3085 se
1048 3026 1165 3104 aiebat,

962 3148 1178 3229 pergraviter*

80 3433 87 3452 ι
175 3422 203 3471 lt
215 3418 358 3484 appearsby
368 3418 417 3467 this
428 3417 564 3484 fragment,
577 3420 632 3468 that
644 3417 687 3465 the
699 3427 783 3467 senate
792 3431 859 3466 were
867 3417 927 3466 then
935 3416 1038 3467 reduced
1049 3428 1075 3466 to
1094 3428 1165 3482 great
1196 3426 1200 3432 '

99 3561 102 3572 ,
144 3526 253 3578 distress.

174 3633 186 3660 ¹⁵
206 3635 293 3683 Cicero
303 3634 361 3681 here
371 3631 461 3682 allodes
470 3642 495 3680 to
505 3635 547 3681 the
553 3632 653 3695 opinion
663 3628 694 3677 of
700 3631 741 3677 the
756 3629 845 3686 Stoics,
854 3629 915 3677 who
934 3623 1055 3675 admitted
1076 3622 1107 3672 of
1120 3640 1154 3674 no
1201 3628 1203 3632 '

144 3734 289 3803 mediocrity
301 3737 331 3785 of
338 3736 479 3802 principles,
492 3734 541 3785 and
552 3734 627 3785 made
633 3749 665 3784 no
673 3735 807 3786 allowance
819 3732 859 3782 for
867 3731 980 3798 pessime
990 3727 1040 3778 and
1059 3728 1164 3780 circum·

132 3850 250 3906 ¹stantes.

173 3949 188 4012 †
205 3949 295 4000 Cicero
303 3947 442 4002 introduces
449 3949 492 3997 the
502 3949 628 3997 character
636 3944 667 3995 of
674 3962 689 3994 a
697 3956 751 3994 true
760 3944 838 4002 stole,
850 3943 876 3992 In
887 3941 1003 3992 Rutilius

182 4049 196 4118 ξ
207 4051 272 4102 This
281 4051 363 4103 Galba
373 4068 426 4102 was
437 4051 586 4120 impeached
598 4050 637 4102 for
646 4051 686 4102 his
694 4048 837 4119 oppression
848 4046 897 4099 and
908 4047 1008 4115 cruesty,
1036 4048 1112 4100 when
1128 4042 1161 4090 he

119 4154 459 4224 ‘fflacgovernorinspain
781 4151 783 4158 ’
957 4150 962 4158 ’
