2742 4950
456 396 751 463 Lassall.
809 406 865 461 aa·
1104 410 1166 471 tao

203 565 218 642 l
242 564 383 631 XXXV·
428 562 474 627 Et
484 562 543 644 sic,
557 584 632 627 cum
649 562 941 629 adinveniendum
965 563 1001 627 in
1025 566 1167 634 dicendo

68 720 70 723 ·
156 686 223 751 tria
233 688 321 763 sint;
344 658 518 768 acumem*
538 687 657 752 deinde
671 685 778 766 ratio†
803 691 916 776 (quam
928 686 1017 766 licet,
1031 664 1169 755 si'volu.

157 825 241 886 mus,
263 804 461 892 appellemus
475 805 609 889 artem,)
633 804 769 867 tertium
781 802 954 887 diligentia
963 803 993 886 31
1015 826 1082 869 non
1094 825 1168 889 pos·

158 950 239 1013 sum.
255 898 420 1013 equidem
452 949 519 992 non
544 928 677 1014 ingenio
702 927 824 1013 primas
842 927 1030 1019 ,concedere
1047 928 1073 1007 :ll
1110 928 1169 995 sed

153 1062 265 1113 tamen
281 1051 402 1149 ¹ipsum
428 1032 598 1137 ingenium
621 1048 795 1133 diligentia
820 1048 922 1109 etiam
948 1068 990 1115 ex
1016 1046 1169 1114 tarditate

153 1171 280 1238 incitat.
327 1174 524 1259 Diligentia,
547 1174 694 1255 inquam,
720 1192 796 1254 quae
820 1169 1171 1235 cumomnibusinre-

156 1296 231 1375 bus,
252 1311 326 1359 tum
347 1298 383 1363 in
396 1295 521 1359 caussis
535 1293 751 1360 defendendis
763 1294 940 1378 plurimum
950 1294 1049 1359 valet.
1094 1295 1171 1359 Hac
1204 1314 1208 1321 ’

153 1409 316 1492 praecipue
339 1394 481 1475 colenda
500 1422 556 1474 est.
570 1409 689 1485 nobis;
719 1409 788 1472 hec
804 1428 939 1494 'semper
964 1410 1170 1503 adhibenda;

152 1526 240 1606 haec,
252 1527 335 1590 nihil
346 1542 411 1608 est,
421 1531 511 1617 quod
523 1552 589 1593 uon
600 1542 800 1613 assequatur.
847 1530 971 1594 Caussa
983 1543 1019 1593 ut
1029 1531 1172 1615 penitus,

152 1651 243 1735 quod
257 1649 455 1728 initiodixi,
469 1666 547 1716 nota
560 1653 614 1732 sit,
627 1653 798 1737 diligentia
810 1668 880 1717 est:
896 1666 932 1715 ut
945 1656 1170 1721 adversarium
1215 1678 1217 1684 ’

152 1784 277 1837 attente
292 1772 478 1848 audiamus,
504 1788 601 1857 atque
626 1787 663 1838 ut
685 1774 756 1863 ejus
778 1796 846 1837 non
859 1754 1173 1858 solum'sententias,

153 1898 213 1961 sed
226 1896 329 1960 etiam
337 1899 444 1978 ‘verba
456 1899 571 1996 omnia
580 1898 800 1984 excipiamus,
820 1897 931 1960 vultus
944 1897 1084 1980 denique
1097 1917 1171 1980 per·

153 2020 333 2107 spiciamus
347 2040 473 2101 omnes,
497 2019 554 2103 qui
568 2042 683 2084 sensus
697 2020 798 2087 animi
812 2019 1002 2103 plerumque
1008 2019 1174 2103 indicant,

153 2124 330 2227 diligentia
343 2157 419 2219 est;
441 2144 479 2207 id
497 2157 608 2207 mmen
631 2143 879 2209 dissimulanter
900 2141 1020 2222 facere,
1041 2164 1082 2209 ne
1104 2145 1170 2209 sibi

155 2258 211 2322 ille
236 2260 366 2343 aliquid
388 2263 543 2348 prolicere
567 2264 730 2342 videatur,
754 2259 931 2347 prudentia
943 2275 1015 2336 est;¹
1037 2262 1173 2341 deinde,

156 2397 194 2448 ut
208 2383 242 2449 in
256 2384 300 2447 iis
312 2358 405 2466 locis,
430 2408 512 2471 quos
525 2356 707 2474 proponam
730 2385 828 2473 paulo
851 2399 936 2471 post,
959 2387 1168 2469 pervolvatur

154 2508 298 2605 animus,
310 2526 347 2576 ut
358 2534 394 2576 se
407 2514 538 2598 penitus
553 2489 696 2576 insinuet
709 2514 743 2579 in
756 2533 917 2590 caussam,
940 2524 977 2574 ut
995 2512 1039 2578 sit
1047 2534 1126 2602 cura
1139 2529 1172 2580 et

155 2634 358 2719 cogitatione
383 2632 544 2707 intentus,
566 2631 738 2715 diligentia
760 2645 831 2706 est;
855 2632 954 2696 uthis
968 2634 1063 2700 rebus
1077 2633 1170 2697 adhi·
1228 2710 1236 2718 ι

153 2757 245 2835 beat,
256 2771 428 2836 tamquam
438 2753 552 2816 lumen
563 2751 707 2839 aliquod,
722 2755 926 2836 memoriam,
941 2771 979 2819 ut
988 2779 1117 2836 vocem,
1135 2773 1173 2824 ut

148 2875 273 2947 sires:
296 2871 366 2934 haec
389 2893 508 2958 magna
532 2888 616 2937 sunt.
671 2877 763 2943 Inter
789 2876 958 2962 ingenium
982 2878 1118 2962 quidem
1139 2894 1175 2946 et

158 2992 369 3080 diligentiam
393 2967 630 3077 perpaullulum
654 2996 720 3061 loci
745 2998 909 3081 reliquum
935 3009 984 3059 est
1007 3001 1090 3062 arti:
1120 3020 1172 3066 ars

157 3120 363 3183 demonstrat
375 3131 503 3183 tantum
516 3121 572 3183 ubi
587 3141 728 3204 quaeras,
736 3088 837 3201 ,atque
851 3119 907 3177 ubi
922 3118 965 3176 sit
979 3117 1070 3196 illud,
1084 3124 1173 3199 quod

159 3221 292 3308 studeas
306 3244 453 3308 invenire
466 3266 475 3305 ε
490 3243 618 3324 reliqua
630 3255 707 3301 sunt
720 3243 755 3302 in
769 3257 858 3316 cura,
872 3235 1049 3332 attentione
1060 3240 1176 3321 animi,

160 3362 375 3449 cogitatione,
397 3362 581 3447 vigilantia,
606 3359 808 3447 assiduitate,
831 3361 955 3440 labore,
978 3365 1173 3449 complectar

159 3508 229 3550 uno
243 3486 358 3558 verbo,
369 3504 434 3568 quo
447 3504 534 3568 sape
544 3483 614 3574 jam
625 3484 677 3550 usi
689 3507 813 3567 sumus,
830 3487 1020 3574 diligentia;
1034 3510 1099 3573 qua
1109 3512 1175 3558 una

503 3583 509 3592 ⁸
1053 3608 1172 3684 virtute

192 3854 205 3884 ⁸
224 3835 338 3917 Ammen,
353 3854 484 3921 quickness
500 3855 532 3906 of
544 3859 730 3924 apprehensione

193 3955 209 4018 †
227 3951 309 4014 Ratio,
325 3956 436 4006 method.

197 4054 212 4124 t
228 4057 369 4125 niligenas,
386 4035 556 4123 apprimum(

195 4158 210 4225 Η
228 4160 282 4210 Nou
294 4171 394 4229 pessum
409 4162 517 4228 mudena
532 4185 575 4218 aaz
591 4172 683 4237 iugenio
696 4172 795 4236 pansas
805 4168 929 4222 medere.
961 4172 1057 4223 lmust
1066 4172 1126 4223 allot
1135 4172 1177 4220 the

165 4258 236 4310 cltief
247 4271 303 4327 part
318 4271 346 4311 to
360 4265 455 4327 genien.
500 4267 536 4316 N.
546 4269 578 4317 B.
588 4270 705 4328 Primae,
716 4263 765 4319 dhe
783 4269 853 4320 chief
864 4280 930 4338 past,
947 4271 969 4322 is
986 4269 1054 4322 from
1070 4272 1177 4337 pruna,

170 4377 270 4422 arama
288 4364 353 4414 orit
369 4379 428 4429 may
445 4381 518 4433 agree
533 4369 597 4420 with
607 4379 689 4438 partes
705 4368 860 4422 understood
