2742 4950
520 425 913 491 vL1nnl.2ti.
1173 439 1213 498 57

203 599 406 677 conoshoc,
420 594 511 680 quod
524 591 923 678 quaerimm,omittcmus.
968 592 1084 678 ltaque
1111 598 1146 665 in
1172 597 1214 661 iis

207 722 384 801 artibus,in
398 720 517 805 quibus
530 739 596 789 non
608 718 733 783 utilitas
760 705 911 804 quiritur
934 721 1130 801 necessaria,
1156 725 1217 789 scd

86 848 90 852 ’
202 844 304 910 antimi
328 843 437 906 libera
456 840 610 925 quaedam
632 839 820 920 oblectatio,
845 862 945 926 quam
978 842 1149 931 diligenter
1183 858 1218 908 et

200 991 305 1054 quam
330 990 432 1054 prope
456 964 627 1033 fastidiose
646 964 860 1052 judicamus?
892 966 988 1032 nulle
1016 969 1105 1032 enim
1129 969 1217 1051 lites,

201 1108 315 1173 neque
330 1091 558 1181 controversiae
571 1102 659 1168 sunt,
668 1112 742 1173 quae
756 1104 876 1176 cogant
885 1092 1049 1170 homines,
1075 1091 1160 1155 sicut
1184 1092 1218 1181 in

205 1209 282 1272 foro
292 1213 475 1276 nonbonos
488 1224 647 1290 oratores,
659 1210 742 1275 item
763 1210 796 1273 in
818 1210 945 1278 theatro
966 1226 1092 1279 actores
1113 1210 1217 1281 malon

207 1316 356 1417 perpeti}
412 1333 475 1397 Est
498 1332 598 1418 igitur
621 1306 744 1397 oratori
768 1334 942 1421 diligenter
967 1337 1217 1423 providendum,

212 1461 283 1514 uon
297 1456 343 1517 uti
354 1455 415 1519 illis
428 1456 619 1539 satisfaciat,
634 1458 780 1542 quibus*
791 1482 927 1526 necesse
940 1477 990 1528 est
1005 1491 1015 1539 3
1037 1463 1096 1527 sed
1118 1475 1155 1527 ut
1176 1460 1218 1552 iia

208 1570 290 1657 ipsis
303 1576 505 1641 admirabilis
519 1602 594 1644 esse
604 1579 768 1658 videatur,
777 1582 895 1664 quibus
903 1583 1004 1669 libere
1016 1585 1114 1649 liceat
1129 1581 1218 1668 judi·

204 1711 289 1759 care.
335 1696 400 1777 Ac,
414 1697 442 1758 si
468 1698 617 1781 quaeritis
647 1699 742 1783 plane
764 1702 845 1784 quid
870 1707 1019 1788 sentiam,
1044 1708 1217 1771 enuntiabo

206 1813 295 1894 apud
308 1813 455 1880 homines
468 1815 759 1899 familiarissimos,
774 1820 864 1902 quod
876 1821 982 1891 adhue
994 1842 1120 1904 semper
1130 1820 1219 1885 tacui

203 1945 238 1999 et
251 1939 425 2002 tacendum
435 1941 559 2026 putavi.
607 1939 700 2004 Mihi
713 1941 816 2005 etiam
829 1941 950 2022 quique
961 1941 1082 2025 optimc
1095 1941 1219 2020 dicuat,

206 2056 327 2141 quique
340 2063 376 2126 id
388 2065 545 2128 facillime
559 2081 654 2149 atque
674 2063 890 2130 ornatissime
903 2064 1160 2151 faterepossunt,
1171 2080 1219 2133 ta·

207 2183 298 2254 men,
310 2179 377 2240 nisi
389 2181 508 2245 timide
519 2182 559 2245 ad
572 2183 749 2251 elidendum
760 2186 931 2268 accedunt,
943 2200 976 2251 et
989 2188 1023 2257 in
1047 2191 1218 2259 exordien-

214 2291 413 2360 dannatione
436 2304 678 2384 perturbantur,
703 2326 789 2390 pene
813 2305 1020 2391 impudentes
1040 2313 1217 2379 videnture

207 2416 336 2479 tametsi
350 2417 385 2484 id
396 2422 545 2488 accidere
559 2446 625 2491 non
643 2441 778 2511 potest:
801 2441 838 2496 ut
862 2433 951 2500 enim
975 2432 1113 2515 quiaque
1136 2435 1221 2516 Opti·

206 2557 260 2602 me
284 2542 377 2625 dicit,
401 2547 448 2613 ita
469 2518 616 2618 maxime
637 2553 769 2620 dicendi
793 2556 1025 2635 difficultatem,
1048 2555 1222 2640 variosque

123 2687 131 2702 x
205 2672 341 2723 eventus
367 2667 540 2744 orationis,
586 2676 907 2761 expectationemque
931 2677 1102 2743 hominum
1121 2680 1221 2769 perti-

212 2778 347 2843 mefflt·
379 2786 494 2861 Qui
521 2810 599 2855 vero
621 2796 703 2862 nihil
709 2816 834 2885 potest
853 2805 989 2889 dignum
1012 2825 1061 2885 re,
1082 2803 1220 2890 dignum

210 2910 347 2961 nomme
357 2908 503 2989 oratoria,
518 2911 655 2997 dignum
663 2917 837 2985 hominum
864 2922 996 2990 auribtrs
1020 2925 1146 2990 efficere
1171 2937 1218 2989 at·
1272 2944 1275 2950 ·

209 3032 273 3097 que
280 3017 411 3104 edere,
402 3046 431 3088 rs
443 3029 537 3109 mihi,
552 3036 683 3098 etiamsi
694 3054 920 3110 commovetur
944 3044 979 3105 in
996 3043 1205 3137 dicendo‚ta
1170 3033 1233 3108 tre-s

204 3146 282 3193 men
296 3133 468 3220 impudens
480 3145 636 3213 videturt
660 3173 730 3216 non
742 3158 830 3222 enim
842 3162 1007 3243 pudendo,
1018 3163 1076 3225 sed
1086 3182 1152 3225 non
1172 3164 1219 3226 fa.

206 3250 383 3338 ciendoid,
396 3264 487 3341 quod
500 3263 567 3327 non
578 3267 687 3349 decet,
709 3272 916 3359 impudentiae
937 3300 1058 3344 nomen
1078 3282 1218 3368 effugere

208 3374 379 3446 debemus.
431 3388 543 3460 Quem
555 3411 635 3453 vero
645 3414 710 3461 ιιοιι
722 3399 822 3482 pudet
836 3404 888 3494 (id
898 3408 987 3488 quod
997 3409 1031 3471 in
1056 3410 1218 3492 plerisque

208 3495 341 3585 video)
364 3502 451 3570 hunc
471 3531 534 3594 ego
559 3534 625 3580 non
644 3521 893 3603 reprehensione
918 3526 1036 3607 dolum,
1048 3530 1107 3593 sed
1119 3500 1239 3593 etiam*

207 3637 300 3701 prena
312 3621 449 3713 dignum
456 3647 546 3716 puto
599 3637 766 3723 Equidem
789 3646 877 3709 etin
900 3649 993 3712 vobis
1016 3649 1219 3717 animadver-

207 3752 275 3810 tere
289 3748 391 3829 soleo‚
403 3765 436 3847 et
447 3753 481 3816 in
493 3776 546 3820 me
560 3757 631 3840 ipso
640 3762 820 3845 saepissime
835 3767 996 3847 experior,
1015 3783 1052 3831 nt
1075 3771 1218 3837 exalbes-

209 3885 283 3931 cam
295 3867 509 3960 inprmcipiis
523 3879 667 3960 dicendi,
678 3897 791 3946 ettota
808 3901 932 3951 mente
929 3868 1040 3975 atque
1066 3899 1220 3991 omnibus
1309 3967 1313 3980 ,

151 4061 154 4066 p
211 3990 342 4056 mubus
357 3990 618 4064 contremiscam
666 3987 946 4071 Adulescentulus
961 4030 1040 4075 vero
1054 4014 1101 4079 sic
1123 4018 1218 4082 initio

707 4122 742 4184 Η
1003 4137 1216 4213 accusationis

495 4360 610 4430 ’Μαι
623 4365 937 4440 (ιιιίιῑιιιιι)ιιιειικιςι.
1001 4431 1003 4434 ,
