2742 4950
150 346 193 407 ⁷6
429 339 505 403 Dr
561 324 864 439 Qsnnronr

151 504 283 584 tatibus,
296 503 329 566 in
340 501 509 591 exemplis,
522 503 557 566 in
568 517 838 575 testamentorum
852 508 1016 593 formulis,
1026 515 1089 580 hoc
1098 530 1161 597 est,

151 627 389 712 sumeuojure
403 625 653 693 civiuvsrsarir
741 610 745 622 ‘

192 875 205 951 l
230 875 304 938 XL.
350 873 479 938 Omitto
495 876 566 961 jam
588 875 681 959 plura
708 848 858 963 exenipla
879 900 1066 945 caussarum
1089 844 1161 942 aln-

147 996 384 1081 plissimarum,
397 1019 471 1082 quae
483 1013 559 1062 sunt
571 1000 829 1066 innumerabilia.
876 1004 1029 1089 Capitis*
1041 1004 1160 1081 nostri,

150 1140 233 1204 soepe
244 1133 352 1203 potest
358 1121 519 1200 accidere,
533 1135 570 1191 ut
577 1142 698 1186 caussae
710 1136 878 1188 versentur
886 1125 920 1187 in
928 1114 1022 1210 jure:
1038 1123 1166 1188 etenim

150 1233 198 1296 sic
213 1234 252 1297 C.
270 1232 477 1312 Mancinum,
497 1236 740 1299 nobilissimum
763 1252 860 1320 atque
874 1234 1035 1324 o'ptimmn
1047 1238 1160 1302 virum

149 1378 187 1419 ac
210 1355 425 1433 consularem,
451 1374 528 1417 cum
548 1376 625 1420 eum
639 1368 772 1440 propter
790 1357 950 1423 invidiam
970 1360 1169 1425 Numantini

148 1476 276 1540 foederis
301 1488 538 1560 paterpatratus
562 1482 607 1538 'ex
622 1508 627 1521 ⁴·
643 1477 923 1541 senatusconsulto
951 1479 1168 1543 Numantinis

148 1598 341 1677 dedidisset,
355 1620 495 1682 eumque
511 1597 559 1661 illi
571 1619 637 1661 nou
648 1602 859 1685 recepissent,
872 1616 1047 1686 posteaque
1064 1605 1165 1668 Man·

147 1721 241 1785 cinus
267 1724 403 1786 domum
428 1721 617 1799 revenisset,
650 1742 755 1804 neque
782 1722 816 1784 iu
842 1735 991 1787 senatum
1019 1723 1157 1788 introire

150 1846 351 1920 dubitasset3
383 1845 421 1907 P.
437 1844 582 1944 Rutilius
607 1844 659 1908 M.
673 1844 771 1924 filius,
793 1845 942 1909 tribunus
956 1847 1081 1930 plebis,
1118 1851 1161 1913 de
1246 1861 1251 1876 ·
1277 1864 1279 1873 '

149 1983 263 2032 senatu
273 1967 374 2051 jussit
386 1968 494 2047 educi,
506 1970 596 2052 quod
607 1986 684 2031 eum
696 1967 803 2030 civem
816 1981 951 2052 negaret
962 1991 1032 2034 esse
1046 1997 1057 2045 3
1082 1971 1162 2053 quia
1222 1970 1228 1979 '

147 2079 309 2146 mensoria
322 2083 369 2143 sic
382 2095 469 2145 esset
481 2086 661 2165 proditum,
674 2087 786 2160 Quem
800 2101 890 2171 pater
901 2109 978 2152 suus
991 2102 1047 2152 aut
1058 2110 1160 2174 popu·

48 2274 51 2280 ,
151 2207 203 2270 lus
214 2191 432 2281 vendidisset,
445 2218 501 2267 aut
513 2218 752 2288 paterpatratus
779 2207 973 2288 dedidisset,
996 2176 1028 2274 ei
1041 2212 1167 2276 nullum

148 2352 219 2393 esse
230 2326 477 2414 postliminium.
524 2327 636 2403 Quam
648 2306 824 2411 possumus
838 2329 980 2408 reperire
992 2346 1043 2392 'ex
1055 2335 1160 2396 omni-

147 2434 209 2512 bus
228 2448 326 2511 rebus
340 2445 490 2510 civilibus
505 2466 652 2510 caussam
666 2443 975 2527 contentionemque
989 2446 1161 2531 majorem,
1225 2451 1231 2462 '

149 2573 302 2656 quamde
316 2569 492 2647 ordine,de
506 2569 649 2650 civitate,
669 2567 711 2631 de
722 2567 885 2647 libertate,
897 2568 938 2633 de
952 2568 1056 2652 capite
1068 2569 1161 2632 hom·

148 2688 437 2761 inis⁴cousularis5
478 2690 661 2770 praesertim
687 2714 762 2753 curn
784 2689 866 2793 haec⁴
890 2713 956 2754 non
977 2694 1011 2755 in
1024 2694 1181 2759 crimine'

149 2811 269 2892 aliquo,
283 2809 372 2890 quod
385 2807 439 2868 ille
453 2793 563 2889 posset
574 2807 719 2886 infitiari,
734 2809 793 2872 sed
805 2809 939 2871 incivili
950 2813 1027 2893 jure
1041 2819 1163 2880 consis-

148 2932 250 2997 teret?
266 2927 438 3011 Similique
448 2927 482 2987 in
494 2947 622 3010 genere,
636 2926 790 2993 inferiore
803 2930 930 3008 ordine,
945 2933 973 2993 si
986 2936 1059 3015 quis
1074 2946 1162 3025 apud

147 3073 208 3117 nos
223 3052 378 3115 servisset
390 3069 432 3111 ex
444 3045 563 3131 populo
575 3045 739 3125 foederat0,
753 3068 888 3130 seseque
924 3049 1104 3136 liberasset,
1123 3083 1161 3125 ac

152 3190 267 3263 postea
291 3177 427 3239 domum
449 3172 642 3250 revenisset,
664 3173 823 3254 quaesium
837 3173 894 3237 est'
911 3180 995 3259 apud
1017 3181 1159 3267 majores

149 3310 289 3374 nostros,
302 3317 381 3357 num
391 3297 418 3356 is
428 3296 469 3358 ad
478 3315 554 3356 suos
563 3291 766 3376 postliminio
775 3295 938 3375 rediisset,
948 3312 985 3371 et
998 3301 1161 3372 amisisset

145 3420 232 3484 lianc
244 3417 422 3482 civitatem.
468 3414 583 3489 Quid?
607 3414 649 3477 de
661 3413 824 3496 libertate,
837 3419 1073 3502 quojudicium
1087 3449 1158 3510 gra.

1074 3550 1146 3611 vius

178 3790 192 3817 ’
209 3790 386 3855 Itwasrarely
397 3790 440 3839 the
458 3804 522 3848 case,
540 3791 595 3839 that
614 3790 656 3839 the
674 3785 718 3836 life
738 3784 769 3844 of
783 3800 800 3835 a
818 3785 921 3835 Roman
932 3786 1023 3836 citizen
1040 3788 1112 3838 could
1128 3789 1159 3838 bc

146 3890 261 3947 attacked
278 3892 310 3955 by
322 3890 412 3955 alegal
422 3865 519 3954 char‘ge.
589 3877 594 3902 '
849 3879 850 3882 ’

179 3998 237 4046 The
251 3992 323 4044 word
338 4002 407 4060 caput
426 3991 562 4044 here-does
580 4001 625 4041 not
643 4006 719 4042 mean
736 3993 778 4040 the
794 3990 890 4040 natural
901 3990 962 4041 life:
984 3985 1033 4040 'nor
1049 3990 1107 4039 does
1118 3993 1160 4039 the

145 4100 375 4166 expressionem
393 4095 503 4163 capitalis
523 4095 618 4159 import
634 4109 650 4143 a
668 4091 759 4157 capital
777 4106 857 4151 cause,
875 4094 901 4141 in
919 4108 963 4143 our
981 4107 1051 4142 sense
1070 4093 1101 4142 of
1117 4094 1159 4142 the

146 4199 236 4284 qoids.
256 4200 401 4270 adnnngst
411 4199 452 4247 the
463 4197 586 4256 Romana,
605 4211 652 4268 any
671 4211 743 4247 cause
760 4213 815 4263 nas
822 4196 921 4261 capital,
941 4196 1025 4247 which
1034 4195 1114 4258 could,
1130 4196 1156 4244 in

149 4301 182 4349 its
196 4311 278 4363 evenit,
296 4302 370 4360 effect
385 4304 428 4353 the
443 4302 522 4354 honor
538 4317 566 4351 or
580 4285 719 4368 separation
735 4299 766 4349 of
778 4314 794 4351 a
807 4312 903 4365 person
