2742 4950
191 298 253 364 116
475 299 902 365 DsOsAToar

153 518 162 535 ,
185 468 309 553 aliquid
322 465 485 549 impertias
501 486 509 525 ε
535 464 585 526 sin
597 464 657 531 tibi
671 465 707 545 id
719 468 827 535 minus
851 470 978 550 libebit,
986 493 1053 536 non
1064 484 1098 538 te
1110 493 1212 559 urge-

187 592 229 653 bo
238 615 247 661 3
273 607 376 668 neque
386 583 603 665 committam,
617 599 664 664 ut,
679 588 758 650 dum
769 610 915 665 vereare,
927 612 967 657 ue
980 603 1017 653 tu
1039 591 1085 653 sis
1115 591 1212 679 inep-

186 724 249 788 tus,
263 732 315 774 me
330 734 400 776 esse
407 712 552 798 judices.
600 713 690 775 Tum
705 714 772 796 ille,
786 714 859 803 Ego
868 714 1068 794 mehercule,
1083 714 1226 805 inquit,-

187 835 310 915 Caesar,
323 859 365 901 ex
378 837 529 901 omnibus
544 836 673 901 Latinis
687 840 798 905 verbis
810 840 918 926 'hujus
939 838 1030 920 verbi
1055 836 1127 899 vim
1157 837 1221 900 vel

187 960 367 1026 maximam
380 983 508 1046 semper
521 965 654 1048 putavi:
678 988 776 1049 quem
791 967 880 1033 enim
893 987 952 1029 nos
966 963 1134 1069 ineptpm*
1146 985 1215 1026 vo-

188 1104 313 1163 camus,
326 1083 354 1146 is
369 1085 452 1149 mihi
464 1085 594 1153 videtur
616 1086 741 1153 abhoc
765 1108 884 1159 nomen
909 1086 1028 1153 habere
1053 1080 1220 1164 ductum,

185 1211 273 1293 quod
286 1234 349 1275 non
362 1208 405 1272 sit
417 1224 512 1296 aptus
525 1235 537 1274 .·
555 1210 658 1292 'idque
671 1212 706 1277 iu
718 1211 876 1277 sermonis
894 1211 998 1279 nostri
1022 1221 1213 1279 consuetu·
1283 1244 1287 1249 =

186 1331 262 1394 dine
276 1330 397 1416 perlate
409 1344 508 1414 patet.
555 1332 657 1409 Nam,
669 1332 725 1415 qui
740 1347 808 1412 aut,
823 1346 959 1420 tempus
989 1333 1069 1417 quid
1093 1345 1216 1417 postu·

184 1451 241 1529 let,
256 1474 320 1516 non
332 1453 433 1533 videt,
446 1467 504 1518 aut
523 1455 617 1538 plura
638 1454 797 1538 loquitur,
821 1468 880 1519 aut
908 1477 941 1520 se
970 1467 1127 1530 ostentat,
1155 1464 1216 1521 aut

183 1591 310 1647 eorum,
324 1573 519 1652 quibuscum
532 1588 593 1650 est,
606 1576 659 1638 vel
678 1572 849 1659 diguitatis
878 1571 931 1636 vel
959 1571 1126 1647 commodi
1158 1592 1216 1635 ra-

184 1685 309 1749 tionem
320 1708 384 1749 non
396 1688 504 1763 habet,
519 1701 575 1751 aut
586 1688 725 1771 denique
741 1688 775 1750 in
790 1689 899 1770 aliquo
920 1706 1039 1771 genere
1067 1697 1124 1748 aut
1157 1685 1213 1747 in·

185 1811 363 1884 concinnus
379 1827 434 1876 aut
442 1814 564 1876 multus
577 1826 638 1891 est,
651 1812 679 1874 is
694 1814 817 1899 ineptus
832 1808 963 1875 dicitur.
1011 1807 1088 1904 Hoc
1116 1807 1213 1875 vitio

185 1937 414 2007 cumulataest
426 1938 648 2007 eruditissima
658 1937 715 2001 illa
726 1939 922 2014 Graecorum
931 1932 1053 1999 'nati02
1078 1933 1212 2015 itaque,

184 2063 274 2140 quod
283 2062 351 2123 vim
360 2064 457 2145 hujus
465 2064 541 2123 mali
550 2064 735 2127 Graecinon
742 2062 869 2157 uident„
880 2084 922 2127 ne
931 2082 1052 2129 nomen
1066 2059 1214 2155 quidem
1317 2047 1322 2059 .

183 2184 215 2246 ei
229 2183 312 2246 vitio
326 2184 550 2271 imposuerunt
565 2208 573 2244 ε
597 2198 634 2247 ut
645 2185 734 2249 enim
746 2208 868 2267 quaeras
883 2187 1007 2265 omnia,
1031 2185 1209 2271 quomodo

184 2309 289 2376 Graeci
301 2308 448 2393 ineptum
462 2306 634 2390 appellent,
656 2326 723 2366 non
742 2307 895 2387 reperies.
955 2309 1120 2373 Omnium
1150 2331 1213 2375 au-

185 2452 255 2503 tem
269 2431 476 2520 ineptiarum,
489 2451 559 2513 quae
575 2443 649 2494 sunt
666 2427 931 2508 innumerabiles,
944 2428 1034 2502 haud
1061 2433 1131 2496 scio
1161 2456 1209 2502 an

185 2564 253 2629 ulla
265 2529 560 2641 sitmajor,quam,
572 2544 608 2616 ut
620 2550 795 2632 illisolent,
821 2565 1026 2637 quocumque
1052 2539 1088 2616 in
1111 2556 1208 2637 loco,

90 2706 96 2716 ·
186 2704 409 2766 quoscumque
424 2684 509 2744 inter
519 2683 671 2755 homines
685 2682 796 2744 visum
810 2694 870 2759 est,
883 2682 1031 2747 derebus
1044 2699 1100 2750 aut
1115 2688 1207 2754 diffi-

185 2798 317 2860 cillimis
328 2810 459 2859 autnon
471 2796 665 2860 necessariis
678 2798 887 2884 argutissime
900 2803 1076 2888 disputare«
1127 2809 1207 2878 Hoc
1236 2864 1240 2870 .

184 2939 244 2982 nos
256 2920 295 2981 ab
307 2917 378 2981 istis
392 2918 654 2983 adolescentibus
665 2919 774 2983 facere
787 2920 883 2986 inviti
897 2937 930 2990 et
944 2942 1133 2993 recusantes
1148 2932 1207 2997 he·

185 3043 215 3107 ri
229 3043 335 3108 coacti
349 3055 472 3108 sumus.

231 3291 244 3365 l
269 3294 312 3355 V·
359 3291 449 3352 Tum
464 3289 613 3365 Catulus,
624 3286 678 3347 Ne
694 3288 800 3352 Graeci
812 3288 957 3373 quidem,
968 3289 1086 3376 inquit,
1101 3292 1203 3358 Cras·

186 3434 234 3496 se,
248 3415 304 3499 qui
317 3416 351 3477 in
364 3415 550 3479 civitatibus
562 3414 629 3477 suis
640 3414 719 3477 clari
745 3429 778 3479 et
801 3416 913 3504 magni
937 3417 1079 3499 luerunt,
1102 3419 1203 3484 sicuti

185 3555 223 3605 tu
236 3560 536 3626 es,nosque0mnes
549 3539 583 3601 in
596 3552 709 3601 nostra
736 3537 916 3620 Republica
936 3541 1088 3603 volumus
1113 3560 1202 3618 esse,

186 3662 306 3725 horum
320 3665 525 3736 Graecorum,
552 3659 631 3743 qui†
658 3681 692 3724 se
718 3658 881 3723 inculcant
906 3657 1039 3722 auribus
1064 3660 1211 3741 nostris,

188 3780 313 3844 similes
323 3781 479 3860 fuerunt—3
501 3800 562 3842 nec
572 3793 684 3844 tamen
696 3778 730 3840 in
743 3778 811 3843 otio
835 3763 1003 3843 sermones
1027 3779 1199 3864 hujusmo-

1161 3899 1197 3965 di

215 4163 229 4193 '
246 4161 276 4213 Io
292 4160 342 4212 and
357 4170 436 4227 aptus.

215 4274 230 4335 t
247 4274 331 4347 These
340 4268 460 4324 Grecians
468 4281 534 4323 nere
545 4244 601 4333 only
612 4267 717 4332 pedauts
729 4265 779 4318 aud
789 4269 904 4332 ignorant
913 4261 1065 4315 declaimerr.
1133 4253 1140 4266 ⁸
