2742 4950
486 390 687 458 Lisia
732 394 779 481 II.
823 403 877 458 53.
1109 412 1166 472 131

153 560 330 625 laboribus
342 572 374 622 ct
387 559 529 623 miseriis
538 561 698 644 permista
712 582 784 623 esse
797 560 959 627 rideatur.
989 567 1077 648 *Jam
1092 573 1177 635 mis„

154 684 327 752 ericordia
339 699 500 764 movetur,
510 683 539 745 si
553 683 593 759 is,
607 683 663 764 qui
678 683 782 762 audit,
790 684 912 749 adduci
929 702 1048 771 potest,
1070 705 1106 753 ut
1133 693 1171 753 il.

92 872 96 889 ,
152 813 201 892 la,
217 835 289 894 quae
299 813 340 876 de
354 813 456 878 altero
469 809 690 892 deplorentur,
700 809 829 877 adsuas
842 833 894 875 res
923 831 1065 895 revocet,
1092 840 1172 901 quas
1213 820 1215 825 ’

151 959 212 1010 aut
225 943 339 1008 tulerit
353 940 486 1005 acerbas
501 952 556 1002 aut
569 937 684 1001 timeat
700 963 709 1012 ;
732 948 789 999 aut
800 935 928 1000 intuens
944 937 1045 1001 aliam
1059 942 1171 1004 crebro

152 1066 199 1127 ad
213 1063 362 1148 seipsum
371 1076 563 1128 revertatur.
608 1061 662 1122 Ita
674 1079 750 1120 cum
763 1056 886 1140 singuli
899 1080 995 1121 casus
1019 1060 1177 1127 humana.

147 1169 235 1248 'rum
248 1161 459 1251 miseriarum
473 1180 617 1265 graviter
630 1179 843 1262 accipiuntur,
858 1178 885 1241 si
900 1181 1054 1246 dicuntur
1064 1184 1175 1251 dolen·

147 1323 221 1386 ter,
235 1302 314 1370 tum'
324 1306 444 1368 afflicta
453 1318 486 1367 et
498 1292 771 1388 prostratavirtus
782 1301 925 1365 maxime
937 1304 1087 1371 luctuosa
1098 1274 1150 1370 est
1163 1328 1178 1370 a

153 1445 205 1510 et,
220 1443 259 1492 ut
271 1430 327 1492 illa
335 1430 436 1492 altera
448 1448 522 1512 pars
536 1427 706 1506 orationis,
721 1447 792 1509 qua
816 1427 988 1512 probitatis
1010 1428 1175 1494 commen-

151 1556 294 1633 datione
326 1552 404 1616 boni
418 1552 482 1616 viri
498 1552 597 1616 debet
621 1550 766 1634 speciem
789 1551 885 1630 tueri,
904 1551 985 1623 lenis
1012 1560 1065 1642 (ut
1089 1574 1174 1638 sape

142 1681 219 1766 jam
228 1678 318 1761 dixi)
333 1692 430 1759 atque
444 1675 643 1744 summissa;
668 1672 813 1749 sichaec,
836 1693 906 1755 quae
929 1650 1105 1760 suscipitur
1131 1681 1171 1742 ab

152 1814 289 1865 oratore
311 1799 354 1862 ad
375 1796 622 1860 commutandos
650 1794 778 1857 animos
805 1780 1018 1878 atque‘ompi
1044 1801 1171 1866 ratione

152 1932 351 2007 flectendos,
362 1927 486 1988 intenta
499 1943 536 1984 ac
549 1921 725 1986 vehemens
737 1943 806 1986 esse
816 1922 922 1986 debet.

200 2179 215 2253 t
244 2173 344 2239 LIII.
392 2175 458 2239 Sed
472 2176 680 2257 estquaedam
708 2176 741 2237 in
766 2174 818 2238 his
846 2175 972 2238 duobus
987 2175 1169 2261 generibus,

152 2298 304 2377 quorum
317 2280 453 2358 alterum
472 2294 557 2373 lene,
581 2293 718 2359 alterum
731 2291 907 2356 vehemens
922 2292 1170 2367 essevolumus,

95 2404 96 2411 ἵ
148 2416 296 2482 difficilis
322 2399 369 2480 atI
390 2415 664 2502 distinguendum
690 2412 885 2478 similitudo.
932 2414 1023 2473 Nam
1049 2433 1091 2474 ex
1114 2413 1171 2475 illa

146 2542 295 2623 lenitate,
325 2566 392 2626 qua
406 2541 621 2604 conciliamur
635 2537 688 2612 iis,
712 2535 769 2616 qui
783 2536 930 2615 audiunt,
951 2538 993 2600 ad
1005 2537 1088 2600 hanc
1101 2537 1170 2601 vim

16 2024 19 2125 t

57 2695 58 2698 κ
151 2663 366 2735 acerrimam,
392 2679 458 2739 qua
470 2657 606 2720 eosdem
619 2654 811 2737 excitamus,
836 2657 947 2722 influat
959 2672 1090 2745 oportet
1112 2660 1169 2725 ali-

146 2785 237 2867 'quid
252 2810 261 2857 ;
284 2796 318 2847 et
330 2804 372 2846 ex
382 2782 445 2844 hac
459 2781 491 2844 vi
505 2784 752 2867 nonnumquam
767 2784 867 2848 animi
881 2779 1006 2869 aliquid
1033 2785 1168 2852 influen·

150 2908 238 2970 dum
250 2918 300 2970 est
320 2905 367 2967 illi
381 2904 506 2968 lenitati
521 2929 529 2967 ε
553 2927 659 2991 neque
674 2922 726 2971 est
738 2907 804 2972 ulra
815 2910 1027 2993 temperatior
1048 2911 1167 2987 oratio,

149 3051 253 3112 quam
266 3030 331 3110 illa,
357 3029 391 3092 in
405 3052 472 3112 qua
488 3036 644 3116 asperitas
660 3031 877 3121 contentionis
901 3027 1039 3087 oratoris
1064 3027 1166 3107 ipsius

147 3157 353 3219 humanitate
379 3154 541 3231 conditur,
564 3154 717 3218 remissio
742 3163 850 3212 autem
871 3141 1014 3209 lenitatis
1027 3148 1167 3225 quadam

150 3272 313 3359 gravitate
328 3287 374 3346 ,et
400 3275 608 3336 contentione
635 3273 791 3334 firmatur.
840 3268 880 3330 In
892 3278 1029 3349 utroque
1041 3267 1044 3270 “
1057 3269 1166 3331 autem
1201 3312 1205 3316 ·

150 3412 274 3478 genere
291 3390 436 3468 dicendi,
447 3404 480 3453 et
493 3391 561 3468 illo,
575 3391 609 3452 in
623 3411 688 3473 quo
698 3392 748 3458 vis
764 3405 859 3475 atque
874 3389 1038 3452 contentio
1052 3390 1166 3471 quaeri·

151 3525 219 3589 tur,
234 3525 267 3574 et
280 3511 356 3589 hoc,
380 3512 471 3593 quod
483 3510 525 3573 ad
538 3509 640 3575 vitam
656 3523 689 3574 et
702 3530 808 3575 mores
833 3511 1110 3587 accommodatur,
1133 3521 1166 3571 et

152 3633 315 3718 principia
340 3634 435 3697 tarda
447 3647 533 3713 sunt,
559 3646 593 3698 et
615 3635 721 3699 exitus
729 3629 844 3696 'tamen
859 3631 952 3717 spissi
969 3646 1001 3695 et
1014 3631 1164 3718 producti

153 3769 225 3848 esse
241 3757 360 3820 debent
375 3778 384 3819 t
407 3777 484 3819 nam
497 3779 600 3841 neque
615 3757 827 3821 assiliendum
842 3754 952 3817 statim
966 3768 1016 3817 est
1029 3755 1070 3817 ad
1084 3754 1164 3818 illud

152 3899 253 3961 genus
268 3878 423 3941 orationis
445 3879 553 3971 (abest
565 3879 653 3945 enim
666 3877 773 3942 totum
787 3902 806 3941 a
819 3900 944 3956 caussa,
954 3959 957 3964 ἱ
969 3890 1002 3939 et
1014 3877 1163 3942 homines

152 3995 244 4079 prius
255 3996 363 4081 ipsum
377 3981 470 4078 illud',
494 4000 583 4082 quod
593 3998 763 4085 proprium
777 3997 827 4062 sui
836 3996 956 4082 judicii
969 4011 1029 4084 est,
1051 3974 1164 4062 audire

157 4114 372 4202 desiderant‚)
396 4138 468 4196 nec,
493 4097 568 4181 cum
591 4118 625 4181 in
647 4133 720 4182 eam
733 4118 893 4182 rationem
918 4117 1081 4204 ingressus
1105 4116 1163 4194 sis,

156 4233 556 4318 celeriterdiscedendum
570 4253 642 4302 est:
668 4239 750 4303 Non
773 4239 871 4313 enim,
896 4237 980 4314 sicut
993 4251 1162 4319 arguissen-

1078 4371 1161 4428 tum,
