2742 4950
109 381 213 445 ,78
396 368 900 438 ·BaOsAron1

213 541 227 618 l
252 538 344 604 XLI.
381 534 427 598 Et
440 538 595 621 quoniam
606 537 649 600 de
663 523 867 621 impudentia
878 538 959 619 dixi,
974 543 1182 628 castigemus

165 657 265 724 etiam
278 653 454 739 segnitiem
466 637 638 720 hominum
652 673 749 743 atque
760 657 920 723 initiam.
951 660 1041 725 Nam
1052 663 1081 724 si
1090 670 1189 729 esset'

100 776 114 795 '¹
168 781 231 844 ista
256 777 401 864 cognitio
420 778 506 864 juris
526 800 649 864 vmagna
671 800 708 842 ac
723 779 874 858 difficilis,
901 792 1011 843 tamen
1025 782 1192 849 utilitatis

166 903 361 988 magnitudo
384 904 515 968 deberet
534 903 685 967 homines
710 907 750 970 ad
765 905 1008 990 suscipiendum
1022 907 1186 970 discendi

166 1026 313 1089 laborem
339 1025 505 1109 impellere
522 1052 531 1101 3
544 1027 603 1090 sed
618 1048 639 1088 o
655 1027 706 1092 dii
721 1029 933 1110 immortales,
953 1053 1020 1095 non
1033 1033 1193 1098 dicerem

166 1150 230 1213 hoc
239 1148 389 1213 audiente
398 1148 623 1226 Scaevola,nisi
633 1149 702 1234 ipse
712 1151 820 1214 dicere
833 1153 965 1233 soleret,
972 1128 1195 1219 nulliusartis

166 1271 351 1335 faciliorem
363 1271 655 1355 sibicognitionem
667 1272 786 1335 videri.
823 1274 925 1350 Quod
937 1277 1071 1358 quidem
1081 1278 1191 1344 certis

165 1394 207 1457 de
221 1390 344 1455 caussis
357 1381 549 1475 aplerisque
564 1388 900 1452 aliterexistimatur:
925 1394 1083 1475 primum,
1103 1395 1190 1480 quia

165 1525 291 1576 veteres
317 1511 378 1587 illi,
411 1480 467 1593 qni
493 1511 569 1573 huic
594 1510 739 1577 scientia
765 1508 970 1596 praefuerunt,
998 1480 1189 1582 obtinendae

164 1649 261 1719 atque
283 1639 438 1722 augendae
461 1639 616 1722 potentiae
638 1660 705 1701 suae
727 1659 852 1716 caussa,
876 1638 1062 1722 pervulgari
1076 1650 1190 1700 artem

168 1780 261 1822 suam
274 1760 449 1824 noluerunt
463 1783 472 1823 t
496 1760 627 1838 deinde,
639 1773 852 1842 posteaquam
863 1774 914 1826 est
927 1744 1066 1839 editum,
1080 1778 1190 1843 expo·

165 1882 239 1945 sitis
254 1905 273 1946 a
286 1882 349 1945 Cn.
364 1880 482 1948 Flavio
495 1882 639 1966 primum
653 1879 846 1960 actionibus,
859 1882 940 1945 nulli
954 1881 1099 1958 fuerunt,
1122 1879 1187 1963 qui
1259 1970 1261 1974 Α

165 2002 222 2065 iila
234 2006 438 2067 artificiose*
456 2007 488 2069 di
493 2021 585 2088 gesta
598 2005 778 2089 generatim
792 2006 1033 2095 componerent.
1081 2000 1187 2065 Nihil

165 2140 215 2190 est
229 2124 329 2203 enim,
343 2126 432 2208 quod
444 2130 485 2190 ad
499 2142 605 2191 artem
619 2130 727 2211 redigi
740 2131 856 2212 possit,
866 2128 931 2192 nisi
945 2127 998 2190 ille
1009 2127 1112 2211 prius,
1126 2126 1190 2209 qui

155 2250 223 2313 ‘illa
235 2262 336 2327 tenet
358 2269 496 2332 quorum
518 2264 622 2311 artem
644 2251 814 2316 instituere
839 2251 924 2328 vult,
950 2253 1069 2315 habeat
1092 2251 1187 2314 illam

168 2356 352 2455 scientiam,
364 2389 401 2438 ut
412 2345 504 2438 exiis
515 2375 623 2450 rebus,
635 2394 773 2456 quarum
785 2395 837 2437 ars
847 2376 995 2436 nondum
1004 2375 1059 2452 sit,
1074 2387 1185 2437 artem

166 2506 290 2567 efficere
315 2500 428 2584 possit.
473 2499 581 2562 Hoc
560 2520 581 2564 v
583 2498 670 2578 ideo,
694 2500 773 2562 dum
785 2497 927 2562 breviter
938 2495 1105 2560 voluerim
1120 2496 1175 2558 di-

72 2621 75 2628 ’
171 2646 257 2700 cere,
280 2623 405 2684 dictum
420 2643 439 2681 a
460 2641 517 2681 me
537 2642 608 2681 esse
621 2618 927 2704 pauloobscurius:
952 2618 1010 2682 sed
1022 2616 1187 2701 experiar,

166 2753 200 2809 et
215 2743 336 2817 (licam,
359 2741 386 2803 si
399 2754 525 2826 potem,
547 2740 685 2823 planius.

211 2982 224 3058 l
240 2977 355 3043 XLII.
380 2975 590 3053 Omniaiere,
603 2995 678 3057 quar
694 2987 769 3036 suat
780 2976 934 3040 conclusa
946 2996 1032 3038 nunc
1047 2979 1187 3060 artibus,

167 3102 316 3192 dispersa
333 3117 369 3165 et
390 3100 555 3185 dissipata*
570 3101 733 3181 quondam
762 3097 916 3179 fuerunt:
941 3098 1025 3160 utin
1046 3102 1187 3163 musicis

169 3227 299 3289 numeri
324 3237 357 3286 et
382 3245 479 3285 voces
507 3234 540 3282 et
563 3221 677 3284 modi:
711 3218 745 3280 iu
767 3215 949 3303 geometria
972 3216 1187 3298 lineamenta,

114 3411 116 3420 ,
168 3316 500 3428 ΐοῑωω,’ῑηῑετνει11ει,
532 3337 773 3430 magnitudines
781 3344 803 3423 j;
839 3344 875 3406 in
899 3344 1077 3430 astrologia
1110 3346 1181 3408 coeli

170 3468 351 3546 conversis,
378 3480 481 3542 ortus,
503 3464 611 3529 obitus
635 3480 809 3547 motusque
834 3466 1002 3559 siderum:
1027 3466 1059 3525 in
1074 3486 1183 3547 gram·
1241 3475 1246 3488 ’

169 3593 321 3673 matiani
344 3603 514 3675 poetarum
538 3587 760 3671 pertractatio,
785 3574 999 3649 historiarum
1024 3585 1183 3670 cognitio,

169 3713 345 3777 verborum
369 3709 606 3793 interpretatio,
635 3709 871 3795 pronunciandi
896 3709 1029 3793 quidam
1054 3728 1180 3785 sonus3

1144 3830 1178 3892 in

197 4008 211 4035 t
229 4007 332 4077 Qiilla
342 4007 706 4077 artificiosedigeuagmeratim
715 4017 879 4075 componerent
914 4008 985 4059 Who
1000 4005 1073 4057 could
1091 3969 1179 4055 reduce

164 4112 205 4167 isis
220 4109 294 4160 artful
311 4110 394 4175 digest
411 4111 463 4159 into
480 4128 496 4159 a
511 4110 662 4162 methodical
678 4124 859 4175 arrangement.
899 4101 900 4104 ¹

199 4216 273 4279 'sliy
289 4218 332 4266 the
348 4214 419 4278 study
437 4212 469 4263 of
479 4229 617 4279 grammar,
634 4220 677 4268 the
694 4218 803 4267 ancient·
819 4225 906 4267 meant
923 4217 965 4266 the
982 4214 1053 4280 study
1071 4214 1101 4265 of
1114 4213 1184 4265 wast
1262 4198 1265 4204 ’

165 4319 206 4366 ert
221 4317 268 4365 call
282 4319 325 4367 the
340 4314 419 4368 Bcllec
428 4315 530 4365 Lerna.-
