2742 4950
470 388 581 451 111}
605 404 671 451 ra
715 386 762 449 11.
807 392 860 451 25,
1125 397 1187 454 145

180 580 279 628 eam:
307 574 375 641 qua
402 559 469 622 duo
480 555 638 641 plerique,
664 523 796 641 ingenio
810 553 898 633 freti,—
922 556 1021 619 simul
1041 556 1187 625 faciunt:

70 728 72 733 -
181 685 244 749 s'ed
256 696 350 748 -certe
375 670 478 747 iidem
499 680 547 745 illi
561 681 678 746 melius
693 680 859 763 aliquanto
879 683 1035 764 dicerent,
1060 685 1089 747 si
1103 684 1194 746 aliud

178 805 375 869 sumendum
397 806 459 869 sibi
472 816 603 888 teinpus
617 804 660 866 ad
680 803 903 888 cogitandum,
927 805 1014 870 aliud
1028 807 1069 870 ad
1082 806 1192 869 dicen-

178 916 259 988 dum
270 940 434 1010 putarent.
473 918 568 989 ‘Cum
580 945 651 987 rem
664 923 795 1008 penitus
812 942 1024 1006 caussamque
1040 925 1191 1008 cognovi,

144 1108 146 1112 .
176 1049 288 1112 statim
303 1049 448 1113 occurrit
461 1042 582 1125 animo,
596 1068 667 1128 quae
682 1047 725 1108 sit
739 1067 854 1109 caussa
869 1045 1014 1129 ambigui
1029 1071 1037 1118 ;
1050 1044 1132 1107 nihil
1143 1057 1193 1109 est

173 1169 279 1249 enim,
305 1170 397 1255 quod
420 1171 505 1232 inter
517 1164 671 1229 homines
685 1163 869 1247 ambigetur
884 1190 893 1239 ς
916 1163 985 1227 sive
1000 1183 1043 1225 ex
1056 1161 1192 1224 crimine

173 1313 293 1354 caussa
310 1302 449 1366 constet,
474 1293 512 1349 nt'
531 1284 713 1358 facinoris;
736 1286 805 1353 siue
832 1307 874 1348 ex
897 1282 1129 1362 controversia,
1158 1293 1196 1347 ut

172 1410 371 1474 hereditatis
391 1439 400 1486 ;
435 1412 503 1474 sive
527 1430 568 1475 ex
594 1408 840 1488 deiibe'ratione,
864 1421 901 1472 ut
925 1408 1029 1483 beni;
1055 1404 1125 1471 sive
1151 1425 1193 1471 ex

171 1557 326 1620 persona,
342 1550 379 1599 ut
391 1534 523 1611 laudis;
547 1534 621 1596 sire
647 1555 689 1596 ex
709 1533 936 1616 disputat-ione,
959 1546 996 1595 ut
1008 1533 1050 1595 de
1064 1528 1191 1593 ratione
1296 1594 1305 1617 ι

174 1658 337 1732 vivendi3
365 1659 488 1742 inquo
511 1679 576 1720 non
601 1671 667 1735 aut,
695 1655 787 1729 Quid
809 1657 932 1720 facturn
962 1656 1017 1735 sit,
1043 1665 1099 1717 aut
1122 1653 1191 1727 fiat,

170 1781 360 1848 futurumve
377 1783 432 1862 sit,
454 1792 632 1865 quaeratur,
655 1780 712 1844 aut
726 1779 834 1854 Quale
847 1780 904 1860 sit,
925 1793 981 1843 aut
994 1778 1087 1853 Quid
1098 1796 1193 1839 voce,

171 1913 240 1965 tur,
1186 1898 1190 1909 '

220 2142 235 2217 i
260 2142 370 2211 XXV.
418 2141 471 2201 Ae
483 2148 600 2204 nostrae
615 2140 683 2206 fere
703 2160 838 2219 caussae,
865 2160 936 2223 quae
960 2140 1095 2223 quidem
1118 2149 1193 2202 sunt

178 2263 358 2328 criminum
370 2264 571 2349 pierumque,
594 2267 788 2330 infitiatione
803 2265 1046 2337 defenduntur:
1069 2276 1193 2328 namet
1225 2281 1228 2291 ’

176 2382 222 2444 de
235 2381 381 2464 pecuniis
395 2382 595 2465 repetundis,
609 2404 680 2465 quae
692 2382 844 2446 maximae
856 2394 944 2453 sunt,
962 2380 1112 2461 neganda
1123 2376 1192 2441 fere

174 2516 252 2564 sunt
268 2504 402 2567 omnia:
427 2507 514 2569 etde
534 2504 661 2566 ambitu
685 2523 760 2568 raro
784 2502 867 2565 illud
892 2502 998 2577 datur,
1023 2510 1061 2561 ut
1086 2495 1191 2581 possis

175 2621 409 2702 liberalitatem
422 2645 460 2687 ac
469 2623 710 2705 benignitatem
723 2624 762 2685 ab
777 2623 900 2686 ambitu
912 2634 1008 2705 atque
1020 2617 1192 2703 largitione

171 2742 351 2823 sejungere
366 2764 374 2801 ι
391 2727 431 2804 de
445 2741 586 2820 sicariis,
597 2742 638 2804 de
649 2740 828 2819 veneficiis,
842 2742 883 2804 de
894 2740 1047 2831 peculatu
1059 2737 1192 2800 infitiari

173 2881 310 2925 necesse
330 2873 389 2926 est.
436 2861 477 2926 Id
502 2877 551 2927 est
574 2864 675 2948 igitur
696 2885 798 2949 genus
822 2863 968 2947 primum
991 2882 1189 2941 caussarum,

176 2987 212 3048 in
236 2984 370 3074 judiciis
395 3009 436 3050 ex
459 2988 680 3053 controversia
703 2953 820 3051 Facti:
845 2986 880 3048 in
906 2983 1190 3050 deliberationibus

172 3106 370 3192 plerumque
385 3131 427 3171 ex
439 3109 542 3173 futuri
555 3133 563 3186 ς
579 3131 653 3172 raro
667 3110 768 3172 etiam
782 3130 824 3170 ex
838 3105 1005 3183 Instantis,
1019 3118 1075 3168 aut
1087 3104 1190 3166 Facti.

173 3229 273 3314 *Saepe
285 3244 396 3294 autern
403 3252 454 3296 res
462 3251 540 3310 non,
554 3229 616 3309 Sit,
630 3229 817 3305 necnessed
826 3223 943 3301 Qualis
953 3224 1006 3304 sit,
1019 3223 1174 3308 quaeritur
1179 3248 1202 3299 3,

175 3363 227 3428 ut,
246 3371 321 3414 cum
336 3353 377 3412 L.
394 3353 522 3433 Opimii
538 3373 687 3415 caussam
699 3352 895 3418 defendebat
919 3351 1004 3436 apud
1025 3348 1192 3434 populum,

176 3469 333 3534 audiente
347 3491 412 3548 me,
427 3469 467 3532 C.
483 3471 591 3533 Carbo
606 3471 734 3550 consul,
752 3471 834 3533 nihil
847 3473 889 3534 de
906 3469 944 3531 C.
959 3467 1099 3533 Gracchi
1112 3488 1191 3530 nece

177 3591 319 3675 negebat
333 3616 342 3665 ς
366 3589 425 3654 sed
437 3590 472 3654 id
477 3591 552 3677 jure
564 3612 623 3674 pro
636 3590 741 3655 sainte
755 3588 865 3672 patriae
883 3587 1005 3658 factum
1020 3571 1091 3652 esse
1100 3580 1193 3651 'dice-

15 3679 16 3688 ,
83 3747 87 3757 ·
178 3709 256 3782 bat;
279 3722 317 3771 ut
330 3708 440 3773 eidem
455 3709 597 3772 Carboni
610 3709 742 3772 tribuno
757 3706 871 3791 plebis,
898 3705 962 3770 alia
984 3719 1057 3769 tum
1081 3721 1190 3781 mente

181 3828 431 3913 Rempublicam
445 3831 638 3915 capessenti,
653 3832 692 3894 P.
707 3830 884 3900 Africanus
897 3830 939 3892 de
952 3827 1030 3891 Tib.
1040 3829 1191 3905 Graccho

180 3947 396 4034 interroganti
409 3953 633 4034 responderat,
640 3950 716 4034 jure
726 3971 847 4013 caesum
859 3945 983 4011 videri:
992 3946 1068 4031 jure
1081 3962 1191 4010 autem

151 4065 156 4086 ⁸
178 4074 289 4137 omnia
301 4073 535 4162 defenduntur,
559 4091 630 4156 quae
644 4085 720 4135 sunt
730 4070 801 4155 ejus
815 4067 955 4154 generiS,
979 4080 1016 4129 ut
1029 4080 1084 4128 aut
1096 4085 1188 4149 opor·

177 4193 294 4274 tuerit,
316 4207 372 4260 aut
383 4194 525 4274 licuerit,
549 4206 605 4258 aut
616 4213 750 4259 necesse
766 4190 878 4269 suerit,
904 4202 959 4254 aut
971 4182 1190 4272 imprudentia

549 4311 582 4380 T
1133 4316 1189 4374 aut
