2742 4950
675 119 844 181 lffl

39 352 43 361 ⁴
152 367 194 424 ΞΒ
433 356 509 419 ns
566 337 912 437 onmes,

154 527 274 591 Crasso
294 523 361 588 duo
381 522 618 601 adolescentes,
639 534 672 587 et
688 519 789 584 Drusi
809 519 1158 606 maximefamiliares,

149 652 188 713 'et
200 648 234 711 in
253 647 370 732 quibus
384 668 536 732 magnam
549 661 620 709 turn
632 668 723 731 spem
736 646 877 731 majores
891 659 970 709 natu
988 646 1161 732 dignitatis

152 756 224 839 suae
248 769 455 849 collocarent,
478 767 518 831 C.
534 768 643 850 Cotta,
662 770 719 852 qui
742 784 813 832 tum
833 768 1034 832 tribunatum
1053 766 1160 852 plebis

153 896 295 981 petebat,
303 911 337 962 et
343 896 425 960 Pub.
440 894 609 982 Sulpitius,
626 897 682 981 qui
690 895 842 983 deinceps
850 916 926 960 eum
935 895 1162 980 magistratum

150 1014 313 1100 petiturus
326 1021 510 1105 putabatur.
555 1020 602 1082 Hi
623 1018 731 1103 primo
744 1020 797 1082 die
811 1018 852 1085 de
869 1016 1071 1102 temporibus
1085 1014 1162 1093 illis,

153 1112 261 1220 denuc
287 1138 441 1201 universa
454 1139 648 1223 Republica,
669 1162 767 1224 quam
780 1140 822 1201 ob
835 1160 983 1202 caussam
994 1147 1163 1212 venerant,
1196 1224 1197 1227 Ἴ

153 1261 295 1326 multum
308 1261 394 1324 inter
407 1285 443 1326 se
456 1284 559 1346 usque
578 1267 621 1328 ad
640 1277 825 1328 extremum
844 1279 975 1348 tempus
988 1264 1055 1326 diei
1068 1263 1166 1326 collo·

156 1386 223 1449 cuti
248 1400 347 1461 sunt3
373 1409 439 1471 quo
461 1388 596 1470 quidem
619 1387 654 1457 in
675 1406 825 1451 sermone
847 1387 952 1448 multa
969 1358 1129 1449 divinitus
1150 1391 1170 1450 a

145 1512 260 1576 'tribus
274 1513 339 1576 illis
354 1514 577 1577 consularibus
587 1514 687 1578 Cotta
695 1513 863 1597 deplorata
870 1526 903 1577 et
912 1524 1170 1575 commemorata

156 1640 330 1705 narrabat:
355 1652 392 1702 ut
403 1639 485 1702 nihil
499 1634 670 1704 iricidisset
682 1652 796 1723 postea
817 1637 943 1702 civitati
964 1637 1054 1717 mali,
1079 1640 1168 1720 quod

158 1787 224 1828 non
237 1766 425 1850 impendere
441 1767 488 1830 illi
499 1781 590 1832 tanto
604 1780 684 1831 ante
690 1766 875 1831 vidissent:
903 1788 942 1831 eo
957 1779 1067 1830 autem
1078 1765 1171 1831 omni>
1196 1732 1202 1747 Ι

162 1908 312 1956 sermone
325 1888 485 1971 conlecto,
497 1905 620 1954 tantam
634 1890 667 1953 in
675 1888 794 1955 Crasso
807 1890 1045 1978 humanitatem
1056 1889 1170 1965 fuisse,

157 2022 206 2089 ut,
218 2032 293 2073 cum
301 2012 384 2073 lauti
392 2014 628 2092 accubuissent,
634 2016 804 2079 tolleretur
812 2016 919 2078 omnis
927 2014 984 2077 illa
993 2009 1170 2097 superioris

159 2127 294 2192 tristitia
306 2129 466 2192 sermonis
482 2156 490 2203 ;
518 2151 621 2212 eaque
637 2147 725 2193 esset
737 2133 771 2193 in
784 2136 917 2223 homine
935 2133 1124 2221 jucunditas
1136 2147 1174 2200 et

161 2267 268 2318 tantus
292 2253 326 2317 in
344 2254 490 2341 jocando
502 2254 604 2342 lepos,
629 2258 666 2316 ut
690 2254 762 2319 dies
788 2259 942 2321 intereos
956 2262 1050 2321 curie
1069 2261 1173 2339 fuisse

161 2373 338 2457 videretur,
362 2376 550 2442 convivium
572 2376 763 2455 Tusculani.
809 2380 945 2443 Postero
960 2390 1079 2442 ‘autem
1104 2379 1171 2457 die,

167 2526 243 2569 cum
253 2505 301 2568 illi
314 2508 456 2591 majores
465 2522 544 2571 natu
552 2507 630 2571 satis
638 2509 815 2591 quiessent,
827 2511 904 2575 etin
915 2508 1171 2572 ambulationem

164 2640 301 2689 ventum
321 2642 429 2699 esset;
455 2626 583 2689 dicebat
605 2646 677 2692 tum
700 2633 886 2710 Scaevolam,
908 2631 1034 2697 duobus
1058 2627 1171 2712 spatiis

165 2750 308 2812 tribusve
334 2739 442 2829 fectis,
470 2750 607 2830 dixisse,
646 2751 716 2812 Cur
740 2772 806 2813 non
830 2756 1010 2832 imitamur,
1046 2754 1174 2834 Crasse,

168 2873 336 2936 Socratem
350 2871 454 2952 illurn,
478 2874 535 2957 qui
556 2886 607 2935 est
627 2873 660 2936 in
680 2872 817 2937 Phaedro
833 2872 1005 2936 Platonis?
1032 2892 1108 2938 narn
1123 2900 1175 2942 me

165 2997 231 3063 hec
244 3009 301 3061 tua
312 2998 459 3082 platanus
473 2999 655 3078 admonuit,
680 3021 753 3092 quae
766 3017 832 3062 non
846 2996 955 3059 minus
977 2987 1019 3060 ad
1039 3018 1177 3081 opacan-

166 3127 247 3189 dum
258 3122 345 3186 huuc
353 3091 464 3185 locum
472 3122 591 3207 patulis
600 3134 650 3184 est
658 3118 775 3184 diffusa
786 3118 1002 3201 ramis,quam
1011 3115 1176 3203 illa,cujus

155 3218 513 3310 'umbramsecutusest
520 3248 670 3308 Socrates
682 3271 691 3318 ;
712 3264 784 3326 quae
796 3240 877 3303 mihi
890 3229 1021 3306 videtur
1033 3255 1176 3306 nontam

163 3359 240 3453 ¹ipsa
258 3364 387 3449 aquula,
412 3386 485 3447 quae
507 3345 714 3440 describitur,
739 3383 838 3445 quam
862 3360 1008 3426 Platonis
1031 3362 1178 3428 oratione

172 3493 337 3561 crevisse:
365 3502 410 3567 et,
435 3487 526 3571 quod
545 3486 598 3551 ille
618 3484 804 3550 durissimis
817 3486 955 3569 pedibus
968 3486 1060 3564 fecit,
1083 3500 1119 3548 ut
1141 3510 1177 3551 se

173 3591 326 3701 abjiceret
352 3609 386 3670 in
410 3607 557 3686 herbam,
592 3621 688 3690 atque
722 3605 769 3667 ita
792 3604 858 3683 illa,
894 3627 965 3688 quae
991 3605 1178 3692 philosophi

173 3729 538 3803 divinitusferuntesse
560 3729 659 3809 dicta,
672 3726 871 3809 loqueretur,
895 3726 931 3791 id
944 3726 1027 3792 meis
1040 3728 1178 3809 pedibus
1277 3815 1281 3820 ι

174 3872 259 3926 certe
284 3854 420 3920 concedi
439 3868 489 3918 est
503 3856 638 3940 aequius.
694 3853 783 3917 Tum
809 3852 976 3931 Crassum,
1001 3852 1075 3914 Imo
1096 3851 1178 3914 bero

175 3981 381 4052 commodius
392 3984 504 4063 etiam,
524 3980 738 4067 pulvinosque
751 3979 951 4065 poposcisse,
972 3990 1005 4041 et
1017 3994 1130 4037 omnes
1144 3972 1178 4037 in
1252 4023 1254 4029 s

175 4114 217 4181 iis
230 4108 375 4189 sedibus,
395 4130 468 4194 quae
482 4124 574 4178 erant
584 4113 643 4176 sub
656 4109 797 4195 platano,
822 4104 1019 4173 consedisse.

137 4195 143 4208 x
468 4205 482 4230 Χ

1027 4253 1048 4330 l
1071 4252 1174 4323 vm.
1265 4235 1269 4247 ’
