2742 4950
447 305 645 393 brux
688 322 740 386 11.
784 328 833 387 1⁸·
1098 332 1159 388 135

67 516 69 523 ’
159 519 223 587 peo
238 501 327 565 idem
340 497 391 563 ille
404 493 523 560 artifex
534 493 661 557 minora
672 490 728 554 illa
738 507 838 573 opera
848 484 955 555 facere
978 487 1095 568 discat,
1120 489 1168 553 la·

157 620 297 686 borabit.

1171 730 1237 751 κν..

202 867 215 941 i
229 856 363 930 XVIII.
379 862 470 925 Tum
477 860 626 938 Catulus,
636 859 713 933 Quo
721 857 785 919 ista
791 857 917 942 majora
924 875 961 917 ac
969 854 1169 925 mirabiliora

157 982 276 1060 fecisti,
288 1002 327 1044 eo
336 1002 389 1042 me
399 980 505 1066 major
513 979 695 1064 expectatio
717 991 819 1051 tenet,
829 976 1022 1057 quibusnam
1030 977 1162 1039 rationi·

158 1102 229 1180 bus,
253 1094 436 1184 quibusque
451 1097 621 1184 praeceptis
634 1117 673 1156 ea
689 1107 780 1183 tauta
790 1095 843 1183 vis
857 1106 1084 1176 comparetur;
1106 1115 1172 1157 non

157 1238 224 1307 quo
241 1224 342 1285 mea*
357 1222 493 1303 quidem
500 1219 572 1301 jam
583 1214 710 1279 intersit
725 1219 845 1303 (neque
860 1215 948 1278 enim
963 1228 1039 1280 setas
1054 1216 1087 1279 id
1097 1238 1172 1283 mea

159 1343 344 1414 desiderat,
357 1350 390 1400 et
402 1335 489 1398 aliud
500 1335 663 1417 quoddam
676 1351 779 1417 genus
790 1333 921 1431 dicendi
934 1354 993 1394 nos
1005 1335 1106 1397 secuti
1118 1358 1171 1399 su·

156 1485 249 1539 muS,
267 1462 323 1544 qui
333 1480 509 1542 numquam
530 1457 708 1533 sententias
731 1459 770 1522 de
796 1428 955 1523 manibus
963 1457 1116 1541 judicum
1137 1462 1171 1523 vi
1243 1448 1246 1453 ⁴

158 1586 305 1671 quadam
317 1582 473 1644 orationis
488 1578 696 1653 extorsimus,
711 1597 747 1637 ac
768 1576 875 1658 potius
898 1574 1032 1657 placatis
1056 1597 1172 1641 eorum

161 1707 279 1770 animis
294 1717 431 1782 tantum,
445 1715 602 1784 quantum
617 1697 677 1781 ipsi
704 1697 919 1780 patiebantur,
941 1699 1128 1782 accepimus
1144 1700 1170 1783 ;)

161 1822 224 1884 sed
239 1833 347 1882 tamen
356 1817 419 1879 ista
431 1829 497 1894 tua,
505 1813 632 1876 nullum
647 1812 689 1873 ad
701 1833 797 1873 usum
804 1833 927 1887 meum,
948 1826 1076 1875 tantum
1098 1834 1173 1896 cog·

162 1938 322 2005 noscendi
334 1935 444 1998 studio
460 1934 619 1995 adductus
632 1930 776 2013 requiro.
823 1931 897 1991 Nec
912 1929 993 1992 mihi
1019 1952 1100 2014 opus
1122 1945 1172 1997 est
1246 1998 1248 2001 ,

166 2061 287 2124 Graeco
299 2058 406 2139 aliquo
416 2022 563 2137 doctore,
575 2056 630 2137 qui
644 2051 726 2113 mihi
739 2050 930 2135 pervulgata
948 2065 1107 2134 praecepta
1119 2054 1177 2153 de:

166 2196 289 2257 cantet,
303 2202 378 2243 cum
392 2179 458 2262 ipse
469 2199 645 2260 numquam
659 2177 779 2255 forum,
792 2198 970 2259 numquam
998 2174 1103 2241 ullum
1120 2177 1174 2265 ju·

167 2301 297 2367 dicium
310 2299 517 2384 adspexerit3
540 2312 575 2359 ut
592 2298 828 2382 Peripateticus
850 2296 904 2359 ille
928 2297 1048 2359 dieitur
1074 2297 1175 2361 Phor·
1248 2336 1252 2349 ι

131 2472 133 2475 ,
166 2415 259 2483 mio:
285 2415 534 2486 cum·Hannibal
550 2415 745 2500 Carthagine
757 2412 910 2498 expulsus
938 2413 1105 2497 Ephesum
1132 2414 1174 2480 ad

169 2540 376 2604 Antiochum
392 2537 667 2608 venissetexsu13
689 2556 824 2617 proque,
850 2555 890 2600 eo
915 2536 1003 2618 quod
1025 2535 1096 2621 ejus
1119 2557 1177 2598 no·

168 2681 246 2723 men
260 2668 331 2719 erat
341 2676 462 2736 magna
473 2653 561 2734 apud
584 2672 695 2715 omnes
717 2651 831 2737 gloria,
850 2653 1004 2716 invitatus
1026 2668 1113 2718 esset
1137 2656 1177 2718 ab

165 2775 357 2857 hospitibus
372 2770 450 2849 suis,
462 2784 498 2833 ut
507 2793 594 2851 eum,
618 2795 715 2854 quem
739 2773 821 2851 dixi,
843 2774 869 2835 si
896 2776 1004 2855 vellet,
1027 2778 1155 2843 audiret
1167 2807 1177 2856 ;

168 2911 312 2976 cumque
328 2911 438 2954 senon
450 2889 534 2956 nolle
549 2892 697 2974 dixisset,
710 2894 838 2955 locutus
853 2915 922 2957 esse
935 2894 1055 2957 dicitur
1077 2897 1177 2961 homo

169 3018 322 3102 copiosus
337 3016 459 3100 aliquot
471 3014 567 3079 horas
582 3016 622 3081 de
634 3016 841 3102 imperatoris
855 3018 971 3095 officio,
980 3033 1016 3082 et
1025 3020 1064 3082 de
1089 3022 1178 3083 omni

169 3161 207 3202 re
222 3137 366 3201 militari.
413 3137 515 3216 Tum,
530 3159 605 3199 cum
618 3138 739 3215 caeteri,
755 3137 811 3220 qui
826 3135 918 3197 illum
933 3135 1112 3214 audierant,
1124 3160 1181 3200 ve·

165 3259 337 3323 hementer
361 3272 469 3321 essent
507 3256 669 3330 delectati,
697 3259 882 3340 quaerebant
923 3256 962 3319 ab
988 3256 1180 3342 Hannibale,

172 3377 334 3463 quidnam
347 3377 414 3461 ipse
423 3381 463 3440 de
473 3375 530 3438 illo
550 3377 742 3460 philosopho
763 3380 950 3464 judicaret:
986 3379 1039 3442 hic
1066 3347 1180 3447 Poenus

169 3522 237 3562 non
248 3501 371 3583 optime
387 3500 513 3578 Graece,
525 3500 707 3563 sedtamen
720 3499 820 3565 libere
842 3504 1046 3587 respondisse
1068 3502 1182 3583 fertur,
1240 3580 1246 3590 ,

175 3629 287 3691 multos
298 3645 333 3687 ae
343 3624 460 3688 deliros
472 3644 561 3688 aenea
574 3640 653 3711 sepe
666 3623 808 3688 vidisse:
828 3599 887 3690 sed
893 3628 947 3716 qui
957 3627 1070 3713 magia,
1091 3648 1183 3716 quam

181 3745 340 3824 Phormio,
353 3746 514 3824 deliraret,
525 3746 641 3809 uidisse
652 3746 813 3811 neminem.
840 3745 979 3829 'Neque
1003 3731 1186 3817 mehereu'le

1066 3872 1185 3960 injuria

207 4043 220 4071 ’
239 4042 292 4092 Nou
301 4056 345 4104 quo
354 4058 411 4094 araca
420 4041 516 4106 quidem
516 4045 581 4114 jam
593 4046 688 4096 iruersit.
723 4046 777 4096 Not
787 4046 841 4095 that
851 4046 863 4095 1
875 4045 938 4094 bave
949 4061 996 4111 any
1008 4047 1095 4113 partia]
1110 4050 1187 4098 views

178 4147 219 4213 (or
229 4146 339 4211 interest)
358 4147 383 4195 in
392 4148 441 4195 this
452 4147 568 4197 business.
604 4152 666 4199 Mea
682 4150 740 4210 isin
760 4150 801 4197 the
812 4148 916 4200 ablative
927 4149 989 4213 sing.
1007 4150 1132 4206 feminine,
1151 4161 1187 4202 or,

178 4249 309 4315 according
324 4263 351 4303 to
368 4266 445 4312 some,
463 4252 489 4302 iu
497 4253 539 4302 the
550 4254 688 4304 accusative
696 4251 758 4318 plur.
772 4264 838 4304 neut.
855 4252 978 4315 gevemesl
989 4255 1019 4314 by
1032 4251 1134 4301 intersit.
