2742 4950
170 394 217 461 tt.
468 344 897 452 [leonianus

164 570 312 645 paratum
324 575 394 620 esse
408 568 474 617 uon
484 553 707 641 intelligebat:
731 567 780 633 ut,
803 554 830 618 si
843 554 897 619 ille
922 552 1080 619 infitiator
1099 570 1175 640 pro-

164 687 270 749 basset
288 679 408 768 judici,
430 693 505 745 autc
526 680 662 765 petitam
681 701 753 742 esse
766 680 1073 764 pecuniam,quam
1088 696 1181 747 esset

165 819 265 888 coepta
285 803 411 882 deberi,
433 802 565 887 petitor,
587 823 700 876 rursus
722 821 798 865 cum
820 816 954 886 peteret,
978 802 1179 886 exceptione

162 923 402 1002 excluderetur,
431 922 515 1012 quod
537 943 574 984 eo
596 943 647 987 res
668 922 705 988 in
717 922 877 1010 judicium
897 934 991 988 anteo
1011 924 1181 1007 venisset.-
1243 986 1246 991 ff

163 1042 259 1117 Quid
280 1061 358 1128 ergo
378 1041 442 1104 hoc
454 1039 524 1106 fieri
537 1043 663 1124 turpius
676 1052 733 1102 aut
747 1039 812 1102 dici
826 1052 945 1123 potest,
972 1061 1070 1124 quam
1084 1059 1178 1119 eum,

163 1160 309 1245 quihanc
321 1146 494 1242 personam
508 1156 1184 1250 susceperit,utamicorumcontroversias

163 1297 358 1359 caussasque
371 1287 513 1350 tueatur,
518 1273 741 1336 laborantibus
755 1285 934 1353 succurrat,
946 1278 1041 1360 agris
1050 1279 1187 1341 medea·
1223 1363 1226 1369 Ι

163 1415 230 1480 tur,
241 1401 376 1465 afflictos
385 1394 801 1473 excitet,huncinminimis
810 1397 1079 1481 tenuissimisque
1087 1400 1188 1464 rebus
1257 1370 1265 1391 s

163 1520 210 1584 ita
219 1517 417 1597 labi,utaliis
426 1515 915 1594 miserandus,aliisirridendus
923 1522 996 1593 esse
1005 1516 1183 1582 videatur?

153 1624 329 1719 ‘Equidem
341 1632 560 1719 propinquum
571 1642 725 1695 nostrum
739 1634 777 1695 1²,
787 1624 950 1697 'Crassum
968 1634 1063 1696 illum
1079 1633 1180 1697 Divi-

163 1763 270 1842 tem*,
297 1774 330 1824 et
342 1759 455 1824 multis
468 1758 541 1823 aliis
565 1759 599 1822 in
619 1760 718 1823 rebus
742 1758 924 1843 elegantem
945 1759 1117 1824 hominem
1141 1776 1179 1828 et

165 1893 383 1960 ornatum,·et
394 1877 552 1963 precipue
576 1877 612 1942 in
630 1878 695 1942 hoc
706 1878 908 1943 efferendum
929 1893 963 1944 et
973 1880 1180 1947 laudandum

164 2014 255 2085 puto,
279 2002 381 2081 quod,
406 2022 482 2063 curn
507 2000 728 2082 P.seaev01s†
755 2001 975 2081 interesset,
1001 2004 1116 2066 solitus
1140 2002 1175 2068 e'i
1258 2080 1262 2087 ν

164 2140 308 2206 persaepe
322 2118 446 2198 dicere,
475 2120 594 2203 Neque
608 2121 703 2185 illurn
726 2124 760 2185 in
767 2125 844 2206 jure
858 2125 947 2189 civili
959 2128 1037 2191 satis
1051 2127 1100 2191 illi
1114 2129 1181 2192 arti

165 2240 274 2307 facere
301 2255 409 2337 posse,
431 2239 496 2302 nisi
521 2238 658 2328 dicendi¹
681 2241 811 2323 copiam
836 2248 1045 2313 assumsisset
1073 2253 1184 2340 (quod

165 2369 302 2454 quidem
312 2366 379 2447 hic,
392 2368 449 2451 qui
461 2388 592 2432 mecum
606 2365 718 2430 consul
731 2364 806 2445 fuit,
821 2367 906 2431 filins
919 2369 990 2453 ejus
1001 2383 1051 2434 est
1062 2388 1180 2437 conse·

167 2509 262 2572 cutus
276 2493 302 2577 ς)
323 2512 430 2574 neque
444 2509 479 2554 se
492 2469 566 2556 ante
579 2509 708 2554 caussas
722 2483 903 2554 amicorum
923 2503 1062 2559 u‘actare
1077 2508 1180 2577 atque

159 2596 265 2702 ¹agere
278 2616 421 2699 cepisse,
447 2637 546 2697 quam
559 2618 618 2699 jus
639 2616 737 2681 civile
761 2610 955 2681 didicisset«
987 2618 1080 2693 Quid
1091 2640 1175 2683 vero

167 2737 285 2801 illeM.
302 2738 410 2802 Cato?
432 2759 539 2803 nonne
548 2751 582 2800 et
605 2739 793 2820 eloquentia
814 2755 905 2807 tanta
927 2740 1005 2820 fuit,
1021 2756 1179 2826 quantam

116 2927 121 2940 ,
168 2859 225 2922 illa
236 2872 386 2942 tempora
399 2871 496 2942 atque
508 2857 563 2921 illa
576 2869 652 2921 aetas
668 2857 702 2918 in
715 2857 775 2919 hac
801 2858 934 2922 civitate
958 2862 1044 2924 ferre
1070 2865 1176 2927 maxi-

170 2995 260 3070 tham
271 2983 389 3068 potuit,
400 2995 433 3049 et
440 2981 525 3069 juris
537 2979 642 3044 civilis
656 2979 804 3076 omniurn
816 2980 1033 3064 peritissimus
1045 2982 1058 3042 i
1069 2987 1178 3051 Veres

170 3107 309 3173 cundius
318 3107 380 3170 hac
393 3107 435 3201 tle
448 3127 482 3171 re
487 3104 684 3192 jamdudum
693 3103 822 3189 loquor,
831 3104 921 3187 quod
943 3104 1036 3167 adest
1062 3105 1115 3167 vir
1141 3109 1178 3173 in

168 3233 309 3298 dicendo
324 3251 489 3310 summus,
508 3251 606 3314 quem
633 3250 696 3314 ego
721 3250 823 3293 unum
843 3242 1007 3294 oratorem
1029 3230 1175 3295 maxime

170 3350 339 3418 admiror:
361 3352 422 3413 sed
435 3348 643 3413 tamenidem
665 3348 730 3413 hoc
756 3369 884 3433 semper
908 3348 965 3435 jus
987 3344 1083 3415 civile
1107 3370 1183 3412 con·

144 3477 294 3543 temsin
353 3478 491 3551 Verum,
509 3472 664 3555 quoniam
685 3475 854 3546 sententiae
887 3487 983 3555 atque
1010 3474 1174 3557 opinionis

993 3635 1000 3640 -
1088 3614 1173 3656 *meac

198 3816 211 3843 ’
229 3815 399 3877 Thecrassus
408 3813 467 3862 here
474 3807 620 3860 mentioned
628 3822 682 3858 was
693 3805 906 3861 notueraaus,
917 3803 959 3852 the
969 3781 1069 3853 fanon
1076 3798 1178 3850 Trim-

164 3920 209 3979 vir,
226 3921 286 4008 qho
301 3932 355 3972 was
367 3913 441 3964 killed
461 3915 493 3979 hy
511 3916 554 3963 the
568 3912 718 3968 Parthiaus;
737 3912 781 3959 but
800 3911 910 3966 another,
930 3908 997 3963 who,
1017 3902 1148 3967 according
1156 3912 1184 3951 to

165 4023 272 4078 authors,
290 4034 344 4069 was
359 4015 536 4081 distinguished
551 4017 583 4080 by
602 4017 689 4072 siches,
710 4013 811 4078 quality,
830 4011 966 4076 eloquente,
983 4005 1176 4073 jurisprudence,

166 4124 216 4176 and
231 4127 273 4175 the
289 4117 415 4188 pontifical
427 4117 506 4169 office.
541 4118 653 4167 Guthria

195 4228 214 4290 †
229 4229 286 4284 The
295 4224 382 4288 farnlly
398 4221 427 4272 of
442 4222 488 4271 the
506 4219 619 4272 Scaevola
629 4236 695 4271 were
705 4218 804 4269 famous
814 4218 854 4268 for
861 4218 926 4268 their
935 4215 1080 4282 knowledge
1092 4217 1122 4267 ol
1134 4217 1183 4265 th·

167 4299 223 4376 elo
234 4326 300 4383 aa,
319 4322 369 4376 aut
378 4320 591 4378 nossemus,
606 4319 808 4386 sinopeos-
