<?xml version="1.0" encoding="UTF-8"?>
<!DOCTYPE html PUBLIC "-//W3C//DTD XHTML 1.0 Transitional//EN"
    "http://www.w3.org/TR/xhtml1/DTD/xhtml1-transitional.dtd">
<html xmlns="http://www.w3.org/1999/xhtml" xml:lang="en" lang="en">
 <head>
  <title>
</title>
<meta http-equiv="Content-Type" content="text/html;charset=utf-8" />
  <meta name='ocr-system' content='tesseract 3.04.00' />
  <meta name='ocr-capabilities' content='ocr_page ocr_carea ocr_par ocr_line ocrx_word'/>
</head>
<body>
  <div class='ocr_page' id='page_1' title='image "./mtulliiciceroni00smitgoog_0130.png"; bbox 0 0 2742 4950; ppageno 0'>
   <div class='ocr_carea' id='block_1_1' title="bbox 191 295 918 362">
    <p class='ocr_par' dir='ltr' id='par_1_1' title="bbox 191 295 918 362">
     <span class='ocr_line' id='line_1_1' title="bbox 191 295 918 362; baseline 0 0"><span class='ocrx_word' id='word_1_1' title='bbox 191 306 252 362; x_wconf 73' lang='lat' dir='ltr'>mn</span> <span class='ocrx_word' id='word_1_2' title='bbox 489 295 918 362; x_wconf 65' lang='lat' dir='ltr'>ononis-ons</span> 
     </span>
    </p>
   </div>
   <div class='ocr_carea' id='block_1_2' title="bbox 184 459 1204 792">
    <p class='ocr_par' dir='ltr' id='par_1_2' title="bbox 184 459 1204 792">
     <span class='ocr_line' id='line_1_2' title="bbox 185 459 1198 547; baseline -0.001 -16"><span class='ocrx_word' id='word_1_3' title='bbox 185 468 274 531; x_wconf 80' lang='lat' dir='ltr'>niam</span> <span class='ocrx_word' id='word_1_4' title='bbox 287 466 370 528; x_wconf 88' lang='lat' dir='ltr'>inest</span> <span class='ocrx_word' id='word_1_5' title='bbox 380 465 414 527; x_wconf 90' lang='lat' dir='ltr'>in</span> <span class='ocrx_word' id='word_1_6' title='bbox 425 459 550 525; x_wconf 87' lang='lat' dir='ltr'>ratione</span> <span class='ocrx_word' id='word_1_7' title='bbox 558 461 694 525; x_wconf 85' lang='lat' dir='ltr'>rerum?</span> <span class='ocrx_word' id='word_1_8' title='bbox 716 480 782 523; x_wconf 90' lang='lat' dir='ltr'>non</span> <span class='ocrx_word' id='word_1_9' title='bbox 805 463 906 543; x_wconf 89' lang='lat' dir='ltr'>enim,</span> <span class='ocrx_word' id='word_1_10' title='bbox 930 466 962 527; x_wconf 89' lang='lat' dir='ltr'>si</span> <span class='ocrx_word' id='word_1_11' title='bbox 977 478 1034 537; x_wconf 86' lang='lat' dir='ltr'>¹est</span> <span class='ocrx_word' id='word_1_12' title='bbox 1052 466 1198 547; x_wconf 81' lang='lat' dir='ltr'>facilius,</span> 
     </span>
     <span class='ocr_line' id='line_1_3' title="bbox 184 584 1204 667; baseline 0.001 -17"><span class='ocrx_word' id='word_1_13' title='bbox 184 608 224 650; x_wconf 87' lang='lat' dir='ltr'>eo</span> <span class='ocrx_word' id='word_1_14' title='bbox 237 588 276 650; x_wconf 92' lang='lat' dir='ltr'>de</span> <span class='ocrx_word' id='word_1_15' title='bbox 284 604 420 647; x_wconf 88' lang='lat' dir='ltr'>numero</span> <span class='ocrx_word' id='word_1_16' title='bbox 430 603 561 666; x_wconf 91' lang='lat' dir='ltr'>quoque</span> <span class='ocrx_word' id='word_1_17' title='bbox 574 596 625 646; x_wconf 87' lang='lat' dir='ltr'>est</span> <span class='ocrx_word' id='word_1_18' title='bbox 634 584 883 665; x_wconf 87' lang='lat' dir='ltr'>excerpendum.</span> <span class='ocrx_word' id='word_1_19' title='bbox 931 584 1022 659; x_wconf 78' lang='lat' dir='ltr'>Quia</span> <span class='ocrx_word' id='word_1_20' title='bbox 1032 589 1126 667; x_wconf 87' lang='lat' dir='ltr'>nolo,</span> <span class='ocrx_word' id='word_1_21' title='bbox 1151 589 1204 651; x_wconf 90' lang='lat' dir='ltr'>in·</span> 
     </span>
     <span class='ocr_line' id='line_1_4' title="bbox 184 706 1203 792; baseline 0.002 -21"><span class='ocrx_word' id='word_1_22' title='bbox 184 709 265 791; x_wconf 83' lang='lat' dir='ltr'>quit,</span> <span class='ocrx_word' id='word_1_23' title='bbox 273 708 394 786; x_wconf 85' lang='lat' dir='ltr'>omnin,</span> <span class='ocrx_word' id='word_1_24' title='bbox 408 731 476 792; x_wconf 78' lang='lat' dir='ltr'>qun</span> <span class='ocrx_word' id='word_1_25' title='bbox 490 711 611 773; x_wconf 88' lang='lat' dir='ltr'>cadunt</span> <span class='ocrx_word' id='word_1_26' title='bbox 623 706 796 790; x_wconf 87' lang='lat' dir='ltr'>aliquando</span> <span class='ocrx_word' id='word_1_27' title='bbox 819 707 851 769; x_wconf 86' lang='lat' dir='ltr'>in</span> <span class='ocrx_word' id='word_1_28' title='bbox 875 720 1051 790; x_wconf 82' lang='lat' dir='ltr'>oratorem,</span> <span class='ocrx_word' id='word_1_29' title='bbox 1078 733 1203 792; x_wconf 88' lang='lat' dir='ltr'>quam·</span> 
     </span>
    </p>
   </div>
   <div class='ocr_carea' id='block_1_3' title="bbox 80 829 1205 919">
    <p class='ocr_par' dir='ltr' id='par_1_3' title="bbox 80 829 1205 919">
     <span class='ocr_line' id='line_1_5' title="bbox 80 829 1205 919; baseline 0.006 -29"><span class='ocrx_word' id='word_1_30' title='bbox 80 834 90 855; x_wconf 86' lang='lat'><strong><em>&#39;</em></strong></span> <span class='ocrx_word' id='word_1_31' title='bbox 182 829 230 891; x_wconf 85' lang='lat' dir='ltr'>vis</span> <span class='ocrx_word' id='word_1_32' title='bbox 240 830 362 916; x_wconf 84' lang='lat' dir='ltr'>exigua</span> <span class='ocrx_word' id='word_1_33' title='bbox 375 832 452 912; x_wconf 80' lang='lat' dir='ltr'>sint,</span> <span class='ocrx_word' id='word_1_34' title='bbox 464 854 503 895; x_wconf 90' lang='lat' dir='ltr'>ea</span> <span class='ocrx_word' id='word_1_35' title='bbox 526 831 572 895; x_wconf 87' lang='lat' dir='ltr'>sic</span> <span class='ocrx_word' id='word_1_36' title='bbox 598 845 749 919; x_wconf 80' lang='lat' dir='ltr'>tractare,</span> <span class='ocrx_word' id='word_1_37' title='bbox 774 833 866 917; x_wconf 80' lang='lat' dir='ltr'><strong>quasi</strong></span> <span class='ocrx_word' id='word_1_38' title='bbox 891 831 973 895; x_wconf 80' lang='lat' dir='ltr'>nihil</span> <span class='ocrx_word' id='word_1_39' title='bbox 999 832 1103 917; x_wconf 82' lang='lat' dir='ltr'>possit</span> <span class='ocrx_word' id='word_1_40' title='bbox 1126 834 1205 898; x_wconf 90' lang='lat' dir='ltr'>dici</span> 
     </span>
    </p>
   </div>
   <div class='ocr_carea' id='block_1_4' title="bbox 183 952 1249 1041">
    <p class='ocr_par' dir='ltr' id='par_1_4' title="bbox 183 952 1249 1041">
     <span class='ocr_line' id='line_1_6' title="bbox 183 952 1249 1041; baseline 0.007 -28"><span class='ocrx_word' id='word_1_41' title='bbox 183 952 252 1017; x_wconf 87' lang='lat' dir='ltr'>sine</span> <span class='ocrx_word' id='word_1_42' title='bbox 265 956 433 1040; x_wconf 82' lang='lat' dir='ltr'>praeceptis</span> <span class='ocrx_word' id='word_1_43' title='bbox 444 957 533 1019; x_wconf 83' lang='lat' dir='ltr'>suis:</span> <span class='ocrx_word' id='word_1_44' title='bbox 564 976 641 1019; x_wconf 89' lang='lat' dir='ltr'>nam</span> <span class='ocrx_word' id='word_1_45' title='bbox 667 969 700 1021; x_wconf 91' lang='lat' dir='ltr'>et</span> <span class='ocrx_word' id='word_1_46' title='bbox 723 955 950 1033; x_wconf 84' lang='lat' dir='ltr'>testimonium</span> <span class='ocrx_word' id='word_1_47' title='bbox 974 977 1057 1041; x_wconf 83' lang='lat' dir='ltr'>saepe</span> <span class='ocrx_word' id='word_1_48' title='bbox 1083 956 1207 1019; x_wconf 87' lang='lat' dir='ltr'>dicen·</span> <span class='ocrx_word' id='word_1_49' title='bbox 1246 974 1249 981; x_wconf 90' lang='grc'><strong>’</strong></span> 
     </span>
    </p>
   </div>
   <div class='ocr_carea' id='block_1_5' title="bbox 183 1077 1209 1166">
    <p class='ocr_par' dir='ltr' id='par_1_5' title="bbox 183 1077 1209 1166">
     <span class='ocr_line' id='line_1_7' title="bbox 183 1077 1209 1166; baseline 0.006 -27"><span class='ocrx_word' id='word_1_50' title='bbox 183 1077 265 1143; x_wconf 90' lang='lat' dir='ltr'>dum</span> <span class='ocrx_word' id='word_1_51' title='bbox 279 1097 341 1161; x_wconf 92' lang='lat' dir='ltr'>est,</span> <span class='ocrx_word' id='word_1_52' title='bbox 362 1105 400 1145; x_wconf 90' lang='lat' dir='ltr'>ac</span> <span class='ocrx_word' id='word_1_53' title='bbox 426 1103 674 1166; x_wconf 87' lang='lat' dir='ltr'>nonnumquam</span> <span class='ocrx_word' id='word_1_54' title='bbox 700 1082 799 1146; x_wconf 87' lang='lat' dir='ltr'>etiam</span> <span class='ocrx_word' id='word_1_55' title='bbox 823 1083 1031 1156; x_wconf 85' lang='lat' dir='ltr'>accuratius;</span> <span class='ocrx_word' id='word_1_56' title='bbox 1054 1096 1090 1146; x_wconf 90' lang='lat' dir='ltr'>ut</span> <span class='ocrx_word' id='word_1_57' title='bbox 1114 1083 1209 1147; x_wconf 82' lang='lat' dir='ltr'>mihi</span> 
     </span>
    </p>
   </div>
   <div class='ocr_carea' id='block_1_6' title="bbox 183 1201 1353 1281">
    <p class='ocr_par' dir='ltr' id='par_1_6' title="bbox 183 1201 1353 1281">
     <span class='ocr_line' id='line_1_8' title="bbox 183 1201 1353 1281; baseline -0.002 -13"><span class='ocrx_word' id='word_1_58' title='bbox 183 1202 440 1273; x_wconf 83' lang='lat' dir='ltr'>necessefuitin</span> <span class='ocrx_word' id='word_1_59' title='bbox 466 1203 556 1265; x_wconf 85' lang='lat' dir='ltr'><strong>Sext.</strong></span> <span class='ocrx_word' id='word_1_60' title='bbox 619 1201 788 1281; x_wconf 68' lang='lat' dir='ltr'>Titiurm*</span> <span class='ocrx_word' id='word_1_61' title='bbox 813 1203 1006 1267; x_wconf 85' lang='lat' dir='ltr'>seditiosum</span> <span class='ocrx_word' id='word_1_62' title='bbox 1031 1204 1141 1268; x_wconf 90' lang='lat' dir='ltr'>civem</span> <span class='ocrx_word' id='word_1_63' title='bbox 1172 1217 1210 1268; x_wconf 89' lang='lat' dir='ltr'>et</span> <span class='ocrx_word' id='word_1_64' title='bbox 1301 1210 1309 1219; x_wconf 84' lang='lat'>&#39;</span> <span class='ocrx_word' id='word_1_65' title='bbox 1352 1216 1353 1249; x_wconf 64' lang='lat'><strong>³</strong></span> 
     </span>
    </p>
   </div>
   <div class='ocr_carea' id='block_1_7' title="bbox 183 1321 1213 2145">
    <p class='ocr_par' dir='ltr' id='par_1_7' title="bbox 183 1321 1213 2145">
     <span class='ocr_line' id='line_1_9' title="bbox 184 1321 1210 1413; baseline -0.007 -21"><span class='ocrx_word' id='word_1_66' title='bbox 184 1326 418 1393; x_wconf 71' lang='lat' dir='ltr'>mrbulentum.</span> <span class='ocrx_word' id='word_1_67' title='bbox 465 1321 687 1405; x_wconf 77' lang='lat' dir='ltr'>Explicaniin</span> <span class='ocrx_word' id='word_1_68' title='bbox 701 1322 940 1386; x_wconf 88' lang='lat' dir='ltr'>eotestimonio</span> <span class='ocrx_word' id='word_1_69' title='bbox 961 1324 1102 1413; x_wconf 75' lang='lat' dir='ltr'>dicendo</span> <span class='ocrx_word' id='word_1_70' title='bbox 1131 1346 1210 1413; x_wconf 79' lang='lat' dir='ltr'>orn-</span> 
     </span>
     <span class='ocr_line' id='line_1_10' title="bbox 183 1420 1213 1534; baseline 0 -23"><span class='ocrx_word' id='word_1_71' title='bbox 183 1451 260 1529; x_wconf 90' lang='lat' dir='ltr'>nia†</span> <span class='ocrx_word' id='word_1_72' title='bbox 275 1447 411 1511; x_wconf 85' lang='lat' dir='ltr'>consilia</span> <span class='ocrx_word' id='word_1_73' title='bbox 419 1444 603 1507; x_wconf 88' lang='lat' dir='ltr'>consulatus</span> <span class='ocrx_word' id='word_1_74' title='bbox 615 1441 695 1522; x_wconf 70' lang='lat' dir='ltr'>mei,</span> <span class='ocrx_word' id='word_1_75' title='bbox 708 1441 827 1526; x_wconf 83' lang='lat' dir='ltr'>quibus</span> <span class='ocrx_word' id='word_1_76' title='bbox 837 1442 884 1502; x_wconf 90' lang='lat' dir='ltr'>illi</span> <span class='ocrx_word' id='word_1_77' title='bbox 894 1444 1025 1509; x_wconf 90' lang='lat' dir='ltr'>tribuno</span> <span class='ocrx_word' id='word_1_78' title='bbox 1033 1420 1140 1528; x_wconf 88' lang='lat' dir='ltr'>plebis</span> <span class='ocrx_word' id='word_1_79' title='bbox 1149 1462 1213 1534; x_wconf 68' lang='lat' dir='ltr'>pro</span> 
     </span>
     <span class='ocr_line' id='line_1_11' title="bbox 183 1550 1210 1655; baseline -0.001 -20"><span class='ocrx_word' id='word_1_80' title='bbox 183 1573 364 1655; x_wconf 83' lang='lat' dir='ltr'>Republica</span> <span class='ocrx_word' id='word_1_81' title='bbox 374 1570 576 1643; x_wconf 81' lang='lat' dir='ltr'>restitissem</span> <span class='ocrx_word' id='word_1_82' title='bbox 581 1596 591 1642; x_wconf 67' lang='grc' dir='ltr'><strong><em>ς</em></strong></span> <span class='ocrx_word' id='word_1_83' title='bbox 620 1591 757 1651; x_wconf 78' lang='lat' dir='ltr'>quaeque</span> <span class='ocrx_word' id='word_1_84' title='bbox 772 1569 813 1629; x_wconf 88' lang='lat' dir='ltr'>ab</span> <span class='ocrx_word' id='word_1_85' title='bbox 826 1560 866 1630; x_wconf 87' lang='lat' dir='ltr'>eo</span> <span class='ocrx_word' id='word_1_86' title='bbox 881 1581 993 1631; x_wconf 87' lang='lat' dir='ltr'>contra</span> <span class='ocrx_word' id='word_1_87' title='bbox 1007 1550 1210 1654; x_wconf 81' lang='lat' dir='ltr'>Rempubli·</span> 
     </span>
     <span class='ocr_line' id='line_1_12' title="bbox 183 1693 1210 1778; baseline -0.001 -18"><span class='ocrx_word' id='word_1_88' title='bbox 183 1717 255 1759; x_wconf 88' lang='lat' dir='ltr'>cam</span> <span class='ocrx_word' id='word_1_89' title='bbox 265 1696 350 1760; x_wconf 86' lang='lat' dir='ltr'>facta</span> <span class='ocrx_word' id='word_1_90' title='bbox 363 1694 698 1778; x_wconf 58' lang='lat' dir='ltr'>arbitrarer5exposui</span> <span class='ocrx_word' id='word_1_91' title='bbox 715 1717 723 1756; x_wconf 74' lang='grc' dir='ltr'><strong>ι</strong></span> <span class='ocrx_word' id='word_1_92' title='bbox 748 1693 806 1756; x_wconf 89' lang='lat' dir='ltr'>diu</span> <span class='ocrx_word' id='word_1_93' title='bbox 817 1707 961 1759; x_wconf 88' lang='lat' dir='ltr'>retentus</span> <span class='ocrx_word' id='word_1_94' title='bbox 976 1717 1060 1775; x_wconf 85' lang='lat' dir='ltr'>sum,</span> <span class='ocrx_word' id='word_1_95' title='bbox 1085 1697 1210 1774; x_wconf 85' lang='lat' dir='ltr'>multa,</span> 
     </span>
     <span class='ocr_line' id='line_1_13' title="bbox 185 1812 1211 1900; baseline 0 -21"><span class='ocrx_word' id='word_1_96' title='bbox 185 1816 309 1896; x_wconf 83' lang='lat' dir='ltr'>audivi,</span> <span class='ocrx_word' id='word_1_97' title='bbox 336 1817 439 1881; x_wconf 86' lang='lat' dir='ltr'>multa</span> <span class='ocrx_word' id='word_1_98' title='bbox 464 1814 627 1900; x_wconf 83' lang='lat' dir='ltr'>respondi.</span> <span class='ocrx_word' id='word_1_99' title='bbox 687 1813 780 1875; x_wconf 90' lang='lat' dir='ltr'>Num</span> <span class='ocrx_word' id='word_1_100' title='bbox 804 1812 906 1897; x_wconf 87' lang='lat' dir='ltr'>igitur</span> <span class='ocrx_word' id='word_1_101' title='bbox 926 1814 1042 1897; x_wconf 86' lang='lat' dir='ltr'>placet,</span> <span class='ocrx_word' id='word_1_102' title='bbox 1069 1838 1150 1879; x_wconf 91' lang='lat' dir='ltr'>cum</span> <span class='ocrx_word' id='word_1_103' title='bbox 1163 1818 1211 1881; x_wconf 89' lang='lat' dir='ltr'>de</span> 
     </span>
     <span class='ocr_line' id='line_1_14' title="bbox 185 1933 1206 2024; baseline -0.005 -21"><span class='ocrx_word' id='word_1_104' title='bbox 185 1940 372 2023; x_wconf 85' lang='lat' dir='ltr'>eloquentia</span> <span class='ocrx_word' id='word_1_105' title='bbox 384 1938 566 2024; x_wconf 77' lang='lat' dir='ltr'>przecipias,</span> <span class='ocrx_word' id='word_1_106' title='bbox 580 1934 705 2019; x_wconf 87' lang='lat' dir='ltr'>aliquid</span> <span class='ocrx_word' id='word_1_107' title='bbox 728 1933 828 2000; x_wconf 82' lang='lat' dir='ltr'>etiam</span> <span class='ocrx_word' id='word_1_108' title='bbox 853 1936 894 1997; x_wconf 94' lang='lat' dir='ltr'>de</span> <span class='ocrx_word' id='word_1_109' title='bbox 920 1936 1119 2000; x_wconf 83' lang='lat' dir='ltr'>testimoniis</span> <span class='ocrx_word' id='word_1_110' title='bbox 1150 1937 1206 2003; x_wconf 91' lang='lat' dir='ltr'>di-</span> 
     </span>
     <span class='ocr_line' id='line_1_15' title="bbox 184 2038 1206 2145; baseline 0.002 -23"><span class='ocrx_word' id='word_1_111' title='bbox 184 2064 295 2122; x_wconf 66' lang='lat' dir='ltr'>censis</span> <span class='ocrx_word' id='word_1_112' title='bbox 305 2062 445 2140; x_wconf 58' lang='lat' dir='ltr'>quun</span> <span class='ocrx_word' id='word_1_113' title='bbox 458 2061 698 2125; x_wconf 60' lang='lat' dir='ltr'>mensuret</span> <span class='ocrx_word' id='word_1_114' title='bbox 715 2058 812 2123; x_wconf 78' lang='lat' dir='ltr'>mm</span> <span class='ocrx_word' id='word_1_115' title='bbox 824 2038 914 2138; x_wconf 50' lang='lat' dir='ltr'>sane</span> <span class='ocrx_word' id='word_1_116' title='bbox 926 2059 1034 2144; x_wconf 83' lang='lat' dir='ltr'>inquit</span> <span class='ocrx_word' id='word_1_117' title='bbox 1048 2060 1206 2145; x_wconf 52' lang='lat' dir='ltr'>catulus,</span> 
     </span>
    </p>
   </div>
   <div class='ocr_carea' id='block_1_8' title="bbox 183 2196 385 2247">
    <p class='ocr_par' dir='ltr' id='par_1_8' title="bbox 183 2196 385 2247">
     <span class='ocr_line' id='line_1_16' title="bbox 183 2196 385 2247; baseline -0.01 -1"><span class='ocrx_word' id='word_1_118' title='bbox 183 2196 385 2247; x_wconf 80' lang='lat' dir='ltr'>necesseest.</span> 
     </span>
    </p>
   </div>
   <div class='ocr_carea' id='block_1_9' title="bbox 189 2430 1202 2522">
    <p class='ocr_par' dir='ltr' id='par_1_9' title="bbox 189 2430 1202 2522">
     <span class='ocr_line' id='line_1_17' title="bbox 189 2430 1202 2522; baseline -0.004 -23"><span class='ocrx_word' id='word_1_119' title='bbox 189 2493 191 2500; x_wconf 82' lang='grc'>,</span> <span class='ocrx_word' id='word_1_120' title='bbox 230 2432 347 2509; x_wconf 68' lang='lat' dir='ltr'>txll.</span> <span class='ocrx_word' id='word_1_121' title='bbox 393 2432 486 2508; x_wconf 72' lang='lat' dir='ltr'>Quid</span> <span class='ocrx_word' id='word_1_122' title='bbox 496 2432 524 2495; x_wconf 83' lang='lat' dir='ltr'>si</span> <span class='ocrx_word' id='word_1_123' title='bbox 547 2431 656 2522; x_wconf 81' lang='lat' dir='ltr'>(quod</span> <span class='ocrx_word' id='word_1_124' title='bbox 680 2448 764 2516; x_wconf 72' lang='lat' dir='ltr'>saepe</span> <span class='ocrx_word' id='word_1_125' title='bbox 789 2430 926 2494; x_wconf 88' lang='lat' dir='ltr'>summis</span> <span class='ocrx_word' id='word_1_126' title='bbox 951 2431 1033 2494; x_wconf 89' lang='lat' dir='ltr'>viris</span> <span class='ocrx_word' id='word_1_127' title='bbox 1058 2437 1202 2520; x_wconf 61' lang='lat' dir='ltr'>accidit)</span> 
     </span>
    </p>
   </div>
   <div class='ocr_carea' id='block_1_10' title="bbox 186 2551 1206 2762">
    <p class='ocr_par' dir='ltr' id='par_1_10' title="bbox 186 2551 1206 2762">
     <span class='ocr_line' id='line_1_18' title="bbox 188 2551 1204 2637; baseline 0.008 -23"><span class='ocrx_word' id='word_1_128' title='bbox 188 2555 344 2617; x_wconf 83' lang='lat' dir='ltr'>mandata</span> <span class='ocrx_word' id='word_1_129' title='bbox 356 2553 423 2616; x_wconf 88' lang='lat' dir='ltr'>sint</span> <span class='ocrx_word' id='word_1_130' title='bbox 435 2552 627 2635; x_wconf 85' lang='lat' dir='ltr'>exponenda</span> <span class='ocrx_word' id='word_1_131' title='bbox 644 2566 699 2613; x_wconf 84' lang='lat' dir='ltr'>aut</span> <span class='ocrx_word' id='word_1_132' title='bbox 721 2554 756 2614; x_wconf 88' lang='lat' dir='ltr'>in</span> <span class='ocrx_word' id='word_1_133' title='bbox 782 2565 896 2615; x_wconf 85' lang='lat' dir='ltr'>senatu</span> <span class='ocrx_word' id='word_1_134' title='bbox 920 2551 959 2615; x_wconf 91' lang='lat' dir='ltr'>ab</span> <span class='ocrx_word' id='word_1_135' title='bbox 984 2551 1204 2637; x_wconf 79' lang='lat' dir='ltr'>imperatore,</span> 
     </span>
     <span class='ocr_line' id='line_1_19' title="bbox 186 2676 1206 2762; baseline 0.005 -25"><span class='ocrx_word' id='word_1_136' title='bbox 186 2689 241 2737; x_wconf 90' lang='lat' dir='ltr'>aut</span> <span class='ocrx_word' id='word_1_137' title='bbox 255 2677 297 2737; x_wconf 88' lang='lat' dir='ltr'>ad</span> <span class='ocrx_word' id='word_1_138' title='bbox 309 2676 552 2757; x_wconf 84' lang='lat' dir='ltr'>imperatorem,</span> <span class='ocrx_word' id='word_1_139' title='bbox 566 2677 675 2740; x_wconf 83' lang='lat' dir='ltr'>autad</span> <span class='ocrx_word' id='word_1_140' title='bbox 689 2698 812 2762; x_wconf 81' lang='lat' dir='ltr'>regem,</span> <span class='ocrx_word' id='word_1_141' title='bbox 826 2689 882 2739; x_wconf 86' lang='lat' dir='ltr'>aut</span> <span class='ocrx_word' id='word_1_142' title='bbox 903 2678 949 2740; x_wconf 87' lang='lat' dir='ltr'>ad·</span> <span class='ocrx_word' id='word_1_143' title='bbox 956 2677 1115 2761; x_wconf 88' lang='lat' dir='ltr'>populum</span> <span class='ocrx_word' id='word_1_144' title='bbox 1142 2678 1206 2742; x_wconf 83' lang='lat' dir='ltr'>ali·</span> 
     </span>
    </p>
   </div>
   <div class='ocr_carea' id='block_1_11' title="bbox 185 2794 1207 2999">
    <p class='ocr_par' dir='ltr' id='par_1_11' title="bbox 185 2794 1207 2999">
     <span class='ocr_line' id='line_1_20' title="bbox 187 2794 1207 2885; baseline 0.006 -30"><span class='ocrx_word' id='word_1_145' title='bbox 187 2816 284 2877; x_wconf 89' lang='lat' dir='ltr'>quem</span> <span class='ocrx_word' id='word_1_146' title='bbox 298 2816 317 2855; x_wconf 86' lang='lat' dir='ltr'>a</span> <span class='ocrx_word' id='word_1_147' title='bbox 330 2794 470 2855; x_wconf 80' lang='lat' dir='ltr'>senatu?</span> <span class='ocrx_word' id='word_1_148' title='bbox 492 2815 583 2872; x_wconf 82' lang='lat' dir='ltr'>num,</span> <span class='ocrx_word' id='word_1_149' title='bbox 608 2795 686 2877; x_wconf 85' lang='lat' dir='ltr'>quia</span> <span class='ocrx_word' id='word_1_150' title='bbox 709 2817 828 2881; x_wconf 78' lang='lat' dir='ltr'>genere</span> <span class='ocrx_word' id='word_1_151' title='bbox 851 2798 1010 2860; x_wconf 85' lang='lat' dir='ltr'>orationis</span> <span class='ocrx_word' id='word_1_152' title='bbox 1032 2798 1065 2879; x_wconf 85' lang='lat' dir='ltr'>in</span> <span class='ocrx_word' id='word_1_153' title='bbox 1080 2798 1207 2885; x_wconf 71' lang='lat' dir='ltr'>&#39;hujus-</span> 
     </span>
     <span class='ocr_line' id='line_1_21' title="bbox 185 2911 1204 2999; baseline 0.006 -23"><span class='ocrx_word' id='word_1_154' title='bbox 185 2911 277 2976; x_wconf 84' lang='lat' dir='ltr'>modi</span> <span class='ocrx_word' id='word_1_155' title='bbox 288 2911 411 2974; x_wconf 87' lang='lat' dir='ltr'>caussis</span> <span class='ocrx_word' id='word_1_156' title='bbox 424 2911 622 2984; x_wconf 84' lang='lat' dir='ltr'>accuratiore</span> <span class='ocrx_word' id='word_1_157' title='bbox 634 2927 684 2976; x_wconf 89' lang='lat' dir='ltr'>est</span> <span class='ocrx_word' id='word_1_158' title='bbox 693 2916 863 2993; x_wconf 84' lang='lat' dir='ltr'>utendum,</span> <span class='ocrx_word' id='word_1_159' title='bbox 872 2915 1083 2999; x_wconf 40' lang='lat' dir='ltr'>idcircoffpars</span> <span class='ocrx_word' id='word_1_160' title='bbox 1099 2917 1204 2983; x_wconf 87' lang='lat' dir='ltr'>etiam</span> 
     </span>
    </p>
   </div>
   <div class='ocr_carea' id='block_1_12' title="bbox 180 3034 1203 3612">
    <p class='ocr_par' dir='ltr' id='par_1_12' title="bbox 180 3034 1203 3612">
     <span class='ocr_line' id='line_1_22' title="bbox 180 3034 1203 3128; baseline 0.006 -27"><span class='ocrx_word' id='word_1_161' title='bbox 180 3034 257 3102; x_wconf 70' lang='lat' dir='ltr'>hnc</span> <span class='ocrx_word' id='word_1_162' title='bbox 271 3054 460 3100; x_wconf 82' lang='lat' dir='ltr'>caussarum</span> <span class='ocrx_word' id='word_1_163' title='bbox 467 3037 667 3128; x_wconf 80' lang='lat' dir='ltr'>numeranda</span> <span class='ocrx_word' id='word_1_164' title='bbox 679 3035 822 3116; x_wconf 85' lang='lat' dir='ltr'>videtur,</span> <span class='ocrx_word' id='word_1_165' title='bbox 834 3038 1041 3122; x_wconf 87' lang='lat' dir='ltr'>autpropriis</span> <span class='ocrx_word' id='word_1_166' title='bbox 1054 3060 1203 3124; x_wconf 73' lang='lat' dir='ltr'>praecep·</span> 
     </span>
     <span class='ocr_line' id='line_1_23' title="bbox 183 3154 1203 3245; baseline 0.003 -27"><span class='ocrx_word' id='word_1_167' title='bbox 183 3156 229 3219; x_wconf 86' lang='lat' dir='ltr'>tis</span> <span class='ocrx_word' id='word_1_168' title='bbox 242 3156 456 3226; x_wconf 78' lang='lat' dir='ltr'>instruenda?</span> <span class='ocrx_word' id='word_1_169' title='bbox 481 3154 626 3217; x_wconf 85' lang='lat' dir='ltr'>Minime</span> <span class='ocrx_word' id='word_1_170' title='bbox 639 3175 729 3235; x_wconf 89' lang='lat' dir='ltr'>vero,</span> <span class='ocrx_word' id='word_1_171' title='bbox 755 3155 860 3239; x_wconf 89' lang='lat' dir='ltr'>inquit</span> <span class='ocrx_word' id='word_1_172' title='bbox 878 3156 1014 3220; x_wconf 88' lang='lat' dir='ltr'>Catulus</span> <span class='ocrx_word' id='word_1_173' title='bbox 1027 3180 1052 3245; x_wconf 21' lang='grc' dir='ltr'>ε,</span> <span class='ocrx_word' id='word_1_174' title='bbox 1071 3178 1143 3219; x_wconf 87' lang='lat' dir='ltr'>non</span> <span class='ocrx_word' id='word_1_175' title='bbox 1167 3183 1203 3221; x_wconf 89' lang='lat' dir='ltr'>e·</span> 
     </span>
     <span class='ocr_line' id='line_1_24' title="bbox 183 3253 1201 3364; baseline 0.006 -24"><span class='ocrx_word' id='word_1_176' title='bbox 183 3278 255 3360; x_wconf 78' lang='lat' dir='ltr'>nim</span> <span class='ocrx_word' id='word_1_177' title='bbox 269 3277 373 3350; x_wconf 76' lang='lat' dir='ltr'>deerit</span> <span class='ocrx_word' id='word_1_178' title='bbox 385 3278 512 3340; x_wconf 89' lang='lat' dir='ltr'>homini</span> <span class='ocrx_word' id='word_1_179' title='bbox 539 3278 662 3340; x_wconf 89' lang='lat' dir='ltr'>diserto</span> <span class='ocrx_word' id='word_1_180' title='bbox 686 3280 720 3340; x_wconf 90' lang='lat' dir='ltr'>in</span> <span class='ocrx_word' id='word_1_181' title='bbox 741 3280 905 3364; x_wconf 88' lang='lat' dir='ltr'>ejusmodi</span> <span class='ocrx_word' id='word_1_182' title='bbox 927 3281 1022 3344; x_wconf 86' lang='lat' dir='ltr'>rebus</span> <span class='ocrx_word' id='word_1_183' title='bbox 1040 3253 1201 3360; x_wconf 71' lang='lat' dir='ltr'>facultas,</span> 
     </span>
     <span class='ocr_line' id='line_1_25' title="bbox 183 3400 1200 3492; baseline 0.009 -30"><span class='ocrx_word' id='word_1_184' title='bbox 183 3400 358 3469; x_wconf 69' lang='lat' dir='ltr'>creatoris</span> <span class='ocrx_word' id='word_1_185' title='bbox 369 3400 465 3462; x_wconf 89' lang='lat' dir='ltr'>rebus</span> <span class='ocrx_word' id='word_1_186' title='bbox 481 3414 514 3460; x_wconf 88' lang='lat' dir='ltr'>et</span> <span class='ocrx_word' id='word_1_187' title='bbox 525 3402 647 3466; x_wconf 86' lang='lat' dir='ltr'>caussis</span> <span class='ocrx_word' id='word_1_188' title='bbox 673 3421 870 3488; x_wconf 84' lang='lat' dir='ltr'>comparata.</span> <span class='ocrx_word' id='word_1_189' title='bbox 916 3406 1007 3492; x_wconf 81' lang='lat' dir='ltr'>Ergo</span> <span class='ocrx_word' id='word_1_190' title='bbox 1035 3408 1128 3490; x_wconf 89' lang='lat' dir='ltr'>item,</span> <span class='ocrx_word' id='word_1_191' title='bbox 1153 3411 1200 3475; x_wconf 90' lang='lat' dir='ltr'>in·</span> 
     </span>
     <span class='ocr_line' id='line_1_26' title="bbox 181 3521 1193 3612; baseline 0.007 -26"><span class='ocrx_word' id='word_1_192' title='bbox 181 3521 265 3601; x_wconf 81' lang='lat' dir='ltr'>quit,</span> <span class='ocrx_word' id='word_1_193' title='bbox 278 3522 343 3601; x_wconf 79' lang='lat' dir='ltr'>illa,</span> <span class='ocrx_word' id='word_1_194' title='bbox 355 3542 423 3603; x_wconf 85' lang='lat' dir='ltr'>quae</span> <span class='ocrx_word' id='word_1_195' title='bbox 435 3542 521 3605; x_wconf 76' lang='lat' dir='ltr'>saepe</span> <span class='ocrx_word' id='word_1_196' title='bbox 529 3523 650 3589; x_wconf 89' lang='lat' dir='ltr'>diserte</span> <span class='ocrx_word' id='word_1_197' title='bbox 664 3530 790 3609; x_wconf 85' lang='lat' dir='ltr'>agenda</span> <span class='ocrx_word' id='word_1_198' title='bbox 809 3543 894 3606; x_wconf 88' lang='lat' dir='ltr'>sunt,</span> <span class='ocrx_word' id='word_1_199' title='bbox 907 3544 940 3595; x_wconf 89' lang='lat' dir='ltr'>et</span> <span class='ocrx_word' id='word_1_200' title='bbox 953 3552 1021 3610; x_wconf 81' lang='lat' dir='ltr'>quae</span> <span class='ocrx_word' id='word_1_201' title='bbox 1035 3551 1097 3612; x_wconf 78' lang='lat' dir='ltr'>ego</span> <span class='ocrx_word' id='word_1_202' title='bbox 1110 3551 1193 3612; x_wconf 88' lang='lat' dir='ltr'>pau-</span> 
     </span>
    </p>
   </div>
   <div class='ocr_carea' id='block_1_13' title="bbox 1148 3655 1193 3719">
    <p class='ocr_par' dir='ltr' id='par_1_13' title="bbox 1148 3655 1193 3719">
     <span class='ocr_line' id='line_1_27' title="bbox 1148 3655 1193 3719; baseline 0.044 -2"><span class='ocrx_word' id='word_1_203' title='bbox 1148 3655 1193 3719; x_wconf 73' lang='grc'>,10</span> 
     </span>
    </p>
   </div>
   <div class='ocr_carea' id='block_1_14' title="bbox 117 3930 1194 4104">
    <p class='ocr_par' dir='ltr' id='par_1_14' title="bbox 117 3930 1194 4104">
     <span class='ocr_line' id='line_1_28' title="bbox 209 3930 1194 4011; baseline 0.01 -34"><span class='ocrx_word' id='word_1_204' title='bbox 209 3932 224 3957; x_wconf 74' lang='lat'><em>*</em></span> <span class='ocrx_word' id='word_1_205' title='bbox 241 3930 307 3978; x_wconf 82' lang='lat' dir='ltr'>This</span> <span class='ocrx_word' id='word_1_206' title='bbox 316 3933 401 4011; x_wconf 61' lang='lat' dir='ltr'>Semne</span> <span class='ocrx_word' id='word_1_207' title='bbox 411 3931 485 3985; x_wconf 59' lang='lat' dir='ltr'>fitius</span> <span class='ocrx_word' id='word_1_208' title='bbox 501 3952 556 3985; x_wconf 87' lang='lat' dir='ltr'>was</span> <span class='ocrx_word' id='word_1_209' title='bbox 566 3954 582 3987; x_wconf 86' lang='lat' dir='ltr'>a</span> <span class='ocrx_word' id='word_1_210' title='bbox 592 3937 671 3988; x_wconf 83' lang='lat' dir='ltr'>friend</span> <span class='ocrx_word' id='word_1_211' title='bbox 680 3950 706 3987; x_wconf 87' lang='lat' dir='ltr'>to</span> <span class='ocrx_word' id='word_1_212' title='bbox 715 3941 757 3988; x_wconf 90' lang='lat' dir='ltr'>the</span> <span class='ocrx_word' id='word_1_213' title='bbox 768 3937 892 4003; x_wconf 80' lang='lat' dir='ltr'>Agrariau</span> <span class='ocrx_word' id='word_1_214' title='bbox 902 3937 959 3989; x_wconf 84' lang='lat' dir='ltr'>law.</span> <span class='ocrx_word' id='word_1_215' title='bbox 998 3941 1041 3996; x_wconf 84' lang='lat' dir='ltr'>He</span> <span class='ocrx_word' id='word_1_216' title='bbox 1050 3955 1104 3991; x_wconf 88' lang='lat' dir='ltr'>was</span> <span class='ocrx_word' id='word_1_217' title='bbox 1115 3953 1194 3991; x_wconf 84' lang='lat' dir='ltr'>some·</span> 
     </span>
     <span class='ocr_line' id='line_1_29' title="bbox 117 4037 826 4104; baseline 0.008 -21"><span class='ocrx_word' id='word_1_218' title='bbox 117 4039 121 4048; x_wconf 85' lang='grc'><strong>“</strong></span> <span class='ocrx_word' id='word_1_219' title='bbox 179 4040 260 4093; x_wconf 78' lang='lat' dir='ltr'>times,</span> <span class='ocrx_word' id='word_1_220' title='bbox 272 4049 305 4082; x_wconf 89' lang='lat' dir='ltr'>on</span> <span class='ocrx_word' id='word_1_221' title='bbox 317 4037 369 4084; x_wconf 81' lang='lat' dir='ltr'>that</span> <span class='ocrx_word' id='word_1_222' title='bbox 379 4052 454 4096; x_wconf 87' lang='lat' dir='ltr'>score,</span> <span class='ocrx_word' id='word_1_223' title='bbox 467 4040 629 4104; x_wconf 84' lang='lat' dir='ltr'>impertinent</span> <span class='ocrx_word' id='word_1_224' title='bbox 639 4051 665 4088; x_wconf 89' lang='lat' dir='ltr'>to</span> <span class='ocrx_word' id='word_1_225' title='bbox 676 4044 718 4091; x_wconf 84' lang='lat' dir='ltr'>the</span> <span class='ocrx_word' id='word_1_226' title='bbox 729 4044 826 4091; x_wconf 89' lang='lat' dir='ltr'>Senate.</span> 
     </span>
    </p>
   </div>
   <div class='ocr_carea' id='block_1_15' title="bbox 177 4139 1193 4313">
    <p class='ocr_par' dir='ltr' id='par_1_15' title="bbox 177 4139 1193 4313">
     <span class='ocr_line' id='line_1_30' title="bbox 211 4139 1193 4215; baseline 0.012 -27"><span class='ocrx_word' id='word_1_227' title='bbox 211 4139 225 4201; x_wconf 92' lang='lat'><strong>†</strong></span> <span class='ocrx_word' id='word_1_228' title='bbox 244 4140 332 4191; x_wconf 80' lang='lat' dir='ltr'>Cicero</span> <span class='ocrx_word' id='word_1_229' title='bbox 348 4145 405 4193; x_wconf 88' lang='lat' dir='ltr'>here</span> <span class='ocrx_word' id='word_1_230' title='bbox 422 4144 511 4201; x_wconf 79' lang='lat' dir='ltr'>makes</span> <span class='ocrx_word' id='word_1_231' title='bbox 522 4157 596 4195; x_wconf 84' lang='lat' dir='ltr'>asort</span> <span class='ocrx_word' id='word_1_232' title='bbox 607 4146 637 4196; x_wconf 86' lang='lat' dir='ltr'>of</span> <span class='ocrx_word' id='word_1_233' title='bbox 642 4147 798 4215; x_wconf 70' lang='lat' dir='ltr'>apology‘for</span> <span class='ocrx_word' id='word_1_234' title='bbox 808 4149 847 4201; x_wconf 88' lang='lat' dir='ltr'>his</span> <span class='ocrx_word' id='word_1_235' title='bbox 859 4166 918 4203; x_wconf 86' lang='lat' dir='ltr'>own</span> <span class='ocrx_word' id='word_1_236' title='bbox 927 4149 1039 4203; x_wconf 84' lang='lat' dir='ltr'>conduct.</span> <span class='ocrx_word' id='word_1_237' title='bbox 1076 4147 1118 4201; x_wconf 84' lang='lat' dir='ltr'>He</span> <span class='ocrx_word' id='word_1_238' title='bbox 1127 4149 1193 4202; x_wconf 84' lang='lat' dir='ltr'>often</span> 
     </span>
     <span class='ocr_line' id='line_1_31' title="bbox 177 4231 773 4313; baseline 0.015 -20"><span class='ocrx_word' id='word_1_239' title='bbox 177 4240 271 4303; x_wconf 71' lang='lat' dir='ltr'>praiscs</span> <span class='ocrx_word' id='word_1_240' title='bbox 280 4246 319 4295; x_wconf 79' lang='lat' dir='ltr'>his</span> <span class='ocrx_word' id='word_1_241' title='bbox 329 4247 435 4313; x_wconf 78' lang='lat' dir='ltr'>political</span> <span class='ocrx_word' id='word_1_242' title='bbox 447 4251 573 4301; x_wconf 78' lang='lat' dir='ltr'>character</span> <span class='ocrx_word' id='word_1_243' title='bbox 581 4249 630 4301; x_wconf 84' lang='lat' dir='ltr'>and</span> <span class='ocrx_word' id='word_1_244' title='bbox 640 4231 773 4307; x_wconf 67' lang='lat' dir='ltr'>messinas.</span> 
     </span>
    </p>
   </div>
   <div class='ocr_carea' id='block_1_16' title="bbox 0 0 1376 4950">
    <p class='ocr_par' dir='ltr' id='par_1_16' title="bbox 0 0 1376 4950">
     <span class='ocr_line' id='line_1_32' title="bbox 0 0 1376 4950; baseline 0 1"><span class='ocrx_word' id='word_1_245' title='bbox 0 0 1376 4950; x_wconf 95' lang='lat' dir='ltr'> </span> 
     </span>
    </p>
   </div>
  </div>
 </body>
</html>
