2742 4950
163 367 229 427 100
463 323 891 419 Dronarorn

161 530 218 615 qui
231 524 456 610 excogitasset,
483 521 588 585 Nasci
610 521 702 607 prius
725 533 888 605 oportere,
911 542 1010 606 quam
1034 523 1179 587 emori:

157 643 413 730 eumquemulta
421 640 595 725 colligeres
608 653 642 706 et
651 662 693 706 ex
699 640 842 725 legibus,
859 652 893 706 et
904 662 947 706 ex
956 655 1186 708 senatuscon-

155 768 261 846 sultis,
283 780 372 833 etex
383 765 455 829 vita
466 786 503 829 ac
517 783 668 828 sermone
680 763 848 827 communi
865 784 931 825 non
944 764 1045 827 modo
1058 778 1190 844 acute,

153 888 330 954 sedetiam
345 885 482 952 ridicule
496 906 534 948 ac
550 881 654 948 facete
671 907 679 956 ς
703 882 760 945 ubi
774 882 802 944 si
821 882 932 960 verba,
954 898 1021 945 uon
1031 901 1102 945 rem
1115 903 1187 944 ee·

153 1031 344 1095 queremur,
357 1008 474 1073 confici
482 1006 531 1069 nil
542 1017 663 1090 posset
709 1002 830 1086 Itaque,
838 1002 1013 1068 hilaritatis
1030 1003 1188 1090 plenum

150 1104 609 1223 manumissionum
633 1129 668 1193 sn
681 1150 746 1214 quo
767 1129 849 1210 qun
870 1129 931 1193 tiu
949 1130 1036 1218 juris
1058 1130 1185 1194 mun

156 1253 351 1321 exercitatio
363 1253 536 1338 profuerit,
556 1272 623 1315 non
634 1250 806 1336 iutelligo;
828 1251 960 1317 dicendi
970 1252 1020 1316 vis
1034 1248 1185 1336 egregia

153 1394 284 1439 summa
296 1370 474 1436 festivitate
495 1382 528 1435 et
539 1379 711 1433 venustate
723 1367 899 1452 conjuncta
910 1366 1046 1453 profuit.
1093 1361 1186 1452 lpse

152 1495 207 1563 ille
228 1496 358 1563 Mutius
370 1495 498 1579 paterni
506 1494 594 1579 juris
607 1489 772 1569 defensor,
801 1502 835 1582 et
859 1490 953 1573 quasi
976 1491 1187 1573 patrimonii

150 1628 373 1703 propugnator
384 1615 445 1689 sui,
460 1616 541 1698 quid
560 1615 593 1678 iu
607 1614 664 1677 illa
676 1635 802 1686 caussa,
820 1635 894 1677 cum
908 1627 1021 1676 contra
1032 1625 1064 1676 te
1078 1611 1184 1676 dice·

151 1750 213 1816 ret,
236 1734 357 1816 attulit,
382 1735 472 1819 quod
485 1737 526 1802 de
545 1736 620 1822 jure
640 1732 732 1799 civili
745 1733 953 1817 depromtum
961 1731 1177 1797 videretur?

152 1880 251 1946 quam
271 1859 383 1945 legem
405 1856 582 1923 recitavit?
615 1857 696 1940 quid
720 1855 874 1941 patefecit
899 1854 1051 1935 dicendo,
1076 1859 1182 1938 quod

151 1980 269 2046 fuisset
291 1952 456 2068 imperitis
480 1984 666 2049 occultius?
691 2004 809 2069 nempe
830 1983 903 2070 ejus
928 1983 1036 2047 omnis
1059 1983 1182 2047 oratio

70 2176 76 2185 s
149 2115 280 2164 versata
292 2114 343 2164 est
355 2103 390 2164 in
404 2123 456 2181 eo,
480 2118 518 2165 ut
531 2106 692 2203 scriptum
702 2107 883 2189 plurimum
896 2106 1004 2172 valere
1017 2108 1179 2192 oportere

149 2193 350 2293 defenderet·
397 2223 446 2286 At
469 2223 504 2287 in
526 2225 590 2288 hoc
613 2247 734 2310 genere
757 2229 852 2310 pueri
877 2233 966 2312 apud
992 2235 1181 2320 magistros

98 2364 100 2369 ·
150 2359 341 2413 exercentur
354 2365 481 2426 omnes,
507 2364 583 2406 cum
599 2342 633 2405 in
645 2343 819 2429 ejusmodi
834 2341 958 2405 caussis
972 2346 1053 2409 alias
1067 2352 1179 2434 scrip.

149 2489 234 2549 tum,
258 2468 338 2535 alias
360 2468 551 2556 aequitatem
564 2465 742 2534 defendere
765 2465 935 2530 docentur.
982 2467 1040 2544 Et,
1055 2471 1176 2553 credo,
1211 2441 1216 2449 ι

150 2598 185 2664 in
198 2598 281 2663 illa*
304 2597 418 2661 militis
443 2619 569 2675 caussa,
597 2595 625 2659 si
646 2608 685 2660 tu
697 2606 752 2659 aut
763 2593 921 2660 heredem
942 2608 999 2658 aut
1018 2597 1170 2663 militem

150 2717 371 2794 defendisses,
380 2717 423 2780 ad
435 2716 638 2778 Hostilianas
649 2731 682 2779 te
697 2718 857 2798 actioncS,
868 2739 935 2781 nou
947 2719 990 2782 ad
996 2732 1088 2784 tuam
1095 2722 1175 2785 vim

149 2850 183 2900 et
207 2836 386 2898 oratoriam
414 2833 605 2912 facultatem
629 2834 847 2900 contulisses:
875 2852 912 2901 tu
939 2861 1021 2902 vero
1046 2845 1111 2922 vel,
1141 2845 1174 2910 si

142 2970 381 3025 testamentum
400 2957 605 3035 defenderes,
632 2955 680 3019 sic
693 2977 821 3040 ageres,
847 2973 884 3025 ut
897 2982 994 3026 omne
1014 2968 1174 3036 omnium

147 3092 417 3146 testamentorum
425 3078 481 3165 jus
492 3075 526 3140 iu
538 3096 580 3140 eo
588 3075 716 3161 judicio
729 3075 874 3159 positum
887 3078 1056 3146 videretur
1067 3110 1077 3158 3
1097 3091 1169 3169 vel,

150 3202 179 3268 si
194 3223 344 3267 caussam
358 3221 471 3288 ageres
482 3197 610 3277 militis,
622 3212 749 3283 patrem
762 3200 846 3286 ejus,
859 3216 896 3265 ut
909 3202 1008 3284 soles,
1021 3206 1170 3274 dicendo

149 3343 171 3385 a
180 3320 319 3400 mortuis
332 3321 509 3384 excitasses
521 3345 531 3394 ;
553 3320 722 3386 statuisses
735 3334 809 3388 ante
822 3324 937 3388 oculos
949 3351 960 3400 ;
973 3327 1169 3412 complexus

149 3456 237 3510 esset
257 3439 362 3506 filium
384 3440 531 3523 flensque
557 3461 636 3508 eum
650 3445 864 3508 centumviris
878 3452 1139 3515 commendasset
1155 3478 1171 3525 ς

147 3565 274 3651 lapides
287 3559 473 3634 mehercule
496 3580 611 3627 omnes
633 3561 712 3628 flere
736 3585 774 3627 ac
796 3563 966 3631 lamentari
989 3561 1165 3651 coegisset,

1121 3708 1162 3758 ut

98 3974 102 3984 ,
150 3923 958 4006 ,'Pmtius‚giringcredittnafalsereport‚thathissonwas
980 3935 1043 3988 stain
1065 3937 1092 3986 in
1114 3940 1157 3990 the

143 4050 215 4120 qrmy
226 4036 358 4104 employed
367 4039 466 4106 against
474 4043 520 4112 'the
530 4041 638 4100 Cimbri,
655 4039 831 4110 appointedby
842 4043 883 4092 his
893 4043 945 4094 will
960 4045 1102 4109 Torquatus
1120 4044 1163 4094 for

142 4137 251 4208 hislreir,
268 4140 390 4193 mdtiea
424 4145 476 4194 But
497 4144 539 4198 his
556 4146 757 4205 ”simulantur
767 4147 828 4207 heir,
848 4149 1160 4206 onhisreturnfromtlre

84 4272 93 4280 ·
145 4247 227 4311 trmy,
241 4249 362 4317 ⁴procuted
372 4253 414 4304 the
426 4223 588 4306 abstrusos
598 4256 642 4308 the
648 4254 710 4319 will,
720 4257 751 4323 by
762 4270 783 4307 a·
788 4254 874 4309 decret
884 4257 915 4308 ol
922 4259 964 4310 the
974 4257 1076 4311 Sarute.
