2742 4950
458 394 460 397 Ι
518 425 909 531 {transl-17.
1158 441 1210 499 <m

190 568 470 664 caussam'minus
484 593 937 678 quamvolebat,familiaris;
960 598 1019 662 sed
1044 610 1157 662 tamen
1180 615 1215 666 et

189 722 315 784 doctus
327 731 361 784 et
373 715 604 803 perurbanus,)
619 716 666 778 sic
677 715 784 780 sentio
799 742 808 789 ς
824 717 1003 782 Neminem
1015 742 1085 785 esse
1095 720 1129 783 in
1142 743 1214 787 ora·

192 852 308 904 torum
320 861 461 904 numero
472 840 671 918 habendum,
684 837 742 920 qui
754 836 875 901 nonsit
888 839 1040 903 omnibus
1067 841 1108 904 iis
1138 844 1215 907 arti·

188 956 271 1037 bus,
281 971 439 1040 quaesunt
449 958 555 1023 libero
565 958 688 1043 digna,
714 954 915 1041 perpolitus:
939 959 1057 1043 quibus
1082 960 1162 1045 ipsis
1187 963 1215 1025 si

189 1077 230 1140 in
242 1077 387 1142 dicendo
395 1099 461 1141 non
474 1077 611 1156 utimur,
624 1090 737 1140 tamen
761 1092 894 1161 apparet
919 1092 1017 1161 atque
1042 1092 1159 1159 exstat,
1179 1103 1215 1143 u·

192 1204 287 1260 trum
302 1201 407 1265 simus
419 1221 534 1265 earum
557 1197 669 1275 rudes,
692 1218 733 1260 an
757 1197 994 1275 didicerimus:
1028 1199 1134 1284 utqui
1147 1188 1213 1285 pila

194 1308 334 1390 ludunt,
358 1334 429 1375 non
452 1326 585 1377 utuntur
606 1312 733 1395 in‘ipsa
765 1311 893 1376 lusione
917 1314 1059 1378 artificio
1081 1316 1215 1399 proprio

198 1431 379 1514 palastraer
400 1437 459 1501 sed
469 1434 593 1502 iridicat
620 1434 691 1519 ipse
712 1448 832 1512 motus,
860 1435 1077 1502 didicerintne
1105 1434 1217 1519 palas·

198 1569 295 1638 tram,
306 1581 346 1623 an
357 1562 506 1628 nesciant
518 1587 527 1627 :
553 1576 587 1626 et
599 1561 656 1645 qui
667 1561 941 1648 aliquid'fingmrt,
954 1561 1016 1628 etsi
1026 1574 1098 1625 tum
1110 1560 1217 1644 pictu-

193 1676 487 1762 rauihilutuntur,
512 1696 636 1760 tamen,
659 1694 771 1745 utrum
796 1681 901 1745 sciant
916 1681 1070 1766 pingere,
1097 1700 1139 1742 an
1159 1699 1217 1741 ne·

195 1805 314 1885 sciant,
328 1825 396 1868 non
410 1807 589 1870 obscurum
597 1817 666 1870 ests
691 1807 739 1868 sic
753 1805 996 1889 inorationibus
1008 1803 1100 1867 hisce
1129 1801 1210 1886 ipsis

189 1930 410 2017 judiciorum,
419 1934 627 2013 concionum,
640 1945 786 2009 senatus,
799 1930 929 1996 etiamsi
940 1926 1050 2012 propri
1064 1956 1090 1993 a
1105 1938 1219 1989 ceterae

194 2075 264 2118 non
273 2057 489 2123 adhibeantur
501 2071 601 2135 artes,
612 2068 726 2120 tamen
733 2053 831 2118 facile
846 2051 1039 2129 declaratur,
1051 2063 1163 2113 utrum
1178 2049 1218 2131 is,

195 2175 258 2259 qui
270 2179 374 2259 dicat,
383 2178 611 2243 tantummodo
622 2179 657 2242 in
667 2177 731 2241 hoc
745 2175 979 2243 declamatorio
990 2174 1034 2238 sit
1042 2154 1143 2259 opere
1147 2175 1218 2261 jac·

202 2314 302 2381 tatus,
315 2323 354 2364 an
362 2302 404 2366 ad
417 2303 595 2368 dicendum
603 2300 757 2367 omnibus
770 2300 921 2393 ingenuis
931 2301 1054 2403 artibus
1069 2299 1218 2363 instruc·

196 2435 252 2489 tus
266 2425 447 2493 accesserit.
1016 2408 1018 2411 ¹

237 2671 254 2747 l
278 2672 396 2740 XVII.
440 2672 535 2734 Tum
545 2670 659 2733 ridens
672 2670 831 2752 Scaevola,
856 2661 1144 2743 Non'luctabor,*
1159 2660 1216 2725 in·

199 2792 296 2880 quit,
308 2805 432 2869 tecum,
454 2789 582 2871 Crasse,
608 2794 773 2878 amplius:
798 2793 835 2858 id
859 2793 948 2857 enim
975 2790 1093 2874 ipsum,
1122 2787 1212 2871 quod

203 2923 312 2972 contra
323 2932 375 2974 me
388 2911 517 2978 locutus
529 2937 578 2995 es,
591 2917 733 2982 artificio
746 2918 892 3002 quodam
900 2935 936 2978 es
950 2923 1156 2990 consecutus,
1177 2922 1215 2974 ut

201 3044 234 3096 et
246 3033 340 3115 mihi,
353 3056 425 3118 quae
440 3060 503 3124 ego
517 3038 638 3105 vellem
651 3060 720 3102 non
733 3062 806 3104 esse
833 3037 985 3115 oratoris,
1009 3034 1217 3112 concederes,

200 3169 233 3221 et
246 3180 287 3222 ea
298 3159 381 3243 ipsa,
403 3164 517 3226 nescio
541 3166 722 3246 quomodo,
745 3186 858 3229 rursus
878 3169 1090 3244 detorqueres
1115 3169 1212 3237 atque

200 3283 325 3344 oratori
333 3283 467 3366 propria
478 3282 639 3346 moderes.
684 3283 796 3366 Haec,†
809 3308 883 3351 cnm
906 3306 969 3373 ego
988 3297 1103 3371 pretor
1127 3277 1218 3343 Rho·

128 3441 133 3460 ι
200 3406 286 3471 dum
294 3407 471 3485 venissem,
483 3419 517 3470 et
532 3428 607 3470 cum
620 3429 749 3472 summo
759 3411 815 3474 illo
840 3415 974 3479 doctore
1001 3414 1096 3477 istius
1117 3409 1216 3476 disci-

190 3526 293 3612 plinae
305 3527 485 3626 Apollonio
498 3552 547 3611 ea,
571 3553 643 3616 quae
682 3555 703 3597 a
723 3534 869 3605 Panaetio
881 3556 1081 3620 acceperam,
1105 3546 1218 3598 contu·

195 3646 336 3725 lissem3
360 3648 463 3713 irrisit
476 3649 532 3716 ille
552 3653 687 3737 quidem
716 3662 769 3748 (ut
792 3657 933 3743 solebat)
959 3657 1215 3743 philosophiam,

1138 3794 1236 3864 atque

220 4013 233 4040 '
252 4011 646 4081 crassus,'h2ringjuatfinished
655 4023 697 4071 his
707 4018 1121 4090 rernsrlrruponfenciugschools,
1136 4025 1214 4075 ishu-

188 4111 327 4175 monronsly
338 4110 512 4181 addressdby
525 4117 643 4170 Scaevola
677 4121 846 4178 leuctador
867 4137 953 4190 tecum,
975 4129 989 4182 1
1007 4129 1059 4180 will
1081 4135 1127 4178 not
1146 4124 1217 4179 fertoe

194 4212 320 4277 w‘ithyon.
1239 4211 1248 4229 ⁵

223 4318 812 4401 †uaec,&c.sseN0te·onsoet.x11.ptr.
984 4397 987 4414 ,
1195 4325 1206 4394 ¹¹
