2742 4950
197 370 242 430 ω
478 358 555 420 Dr
609 357 915 420 Ostrea:

197 520 285 613 quod
298 536 469 604 constaret,
481 506 628 588 Platonis
639 491 804 591 studiosus
811 518 1121 610 audiesdffuissetp
1137 538 1235 587 non

195 657 275 740 quid
283 654 342 718 ille
354 651 525 736 potuisset,
549 654 701 736 sedquid
712 651 768 715 isti
782 640 949 731 docerent,
972 670 1042 715 esse
1057 672 1233 734 queren-

196 785 286 847 dum.
331 778 423 865 Saepe
437 779 538 851 etiam
551 778 585 842 in
596 785 809 864 campartem
819 777 1159 858 ferebaturoratione,
1181 795 1242 845 ut

195 906 401 972 omnimodis·
408 904 599 988 disputaret,
612 903 735 979 nullam
743 917 846 973 artem
855 927 925 970 esse
934 903 1083 969 dicendi:
1098 902 1231 986 idque

196 1053 273 1096 cum
291 1029 491 1115 argumentis
505 1031 672 1108 docuerat,
696 1032 784 1114 quod
793 1031 843 1095 'ita
854 1031 921 1095 nati
936 1051 1093 1111 essemus,
1114 1043 1160 1094 ut
1178 1044 1229 1095 et

196 1153 337 1218 blandiri
348 1167 381 1216 et
391 1152 581 1235 suppliciter
589 1153 755 1215 insinuare
769 1153 822 1231 iis,
835 1175 855 1216 a
867 1153 983 1236 quibus
994 1168 1080 1221 esset
1090 1167 1233 1238 peten-

197 1274 288 1354 dum,
302 1286 334 1339 et
347 1275 549 1340 adversarios
564 1276 737 1337 minaciter
746 1286 869 1341 terrere
883 1297 1052 1359 possemus
1065 1303 1073 1350 ;
1088 1291 1120 1340 et
1131 1297 1231 1341 rem

198 1402 322 1474 geatam
335 1388 517 1475 exponere:
531 1403 564 1452 et
572 1389 618 1467 id,
632 1389 721 1473 quod
729 1389 984 1467 intenderemus,
997 1391 1228 1468 confirmare:
1271 1410 1278 1416 ·

197 1518 231 1569 et
244 1506 290 1586 id,
304 1509 393 1590 quod
407 1523 518 1573 contra
531 1511 707 1588 diceretur,
719 1508 866 1574 refellere
881 1534 889 1583 ;
914 1500 947 1572 et
959 1510 1002 1573 ad
1014 1523 1224 1575 extremum

197 1631 363 1715 deprecari
376 1632 501 1716 aliquid
522 1646 556 1697 et
578 1634 750 1716 conqueri;
774 1633 892 1715 quibus
915 1633 949 1694 in
971 1633 1067 1696 rebus
1094 1632 1220 1696 omnis

198 1758 364 1825 oratorum
376 1773 561 1824 versaretur
569 1759 706 1824 facultas
720 1782 728 1821 z
752 1772 785 1823 et
798 1758 886 1841 quod
899 1744 1100 1822 consuetude
1114 1776 1228 1821 exer-

200 1878 376 1964 citatioque
402 1881 663 1966 et'intelligendi
683 1880 889 1965 prudentiam
915 1894 1058 1960 acueret,
1086 1893 1119 1943 et
1141 1881 1241 1944 elo-tv

201 2004 323 2081 qusndi
348 2003 550 2068 celeritatem
572 2004 744 2069 incitaret:
763 2019 838 2068 tum
861 2006 960 2069 etiam
983 2003 1226 2089 exemplorum

200 2125 294 2207 copia
318 2123 505 2188 nitebatur:
543 2102 620 2189 nam
644 2128 800 2209 primum,
836 2131 929 2210 quasi
955 2130 1065 2196 dedita
1098 2136 1225 2212 ope'ra,

198 2243 364 2310 neminem
400 2242 593 2326 scriptorem
629 2234 708 2306 artis
742 2268 783 2307 ne
820 2249 1031 2312 mediocriter
1074 2251 1220 2332 quidem

201 2366 360 2433 disertum
378 2366 480 2430 luisse
495 2365 634 2445 dicebat,
655 2388 730 2429 cum
751 2382 910 2449 repeteret
930 2392 1034 2453 usque
1049 2392 1068 2431 a
1082 2371 1220 2434 Corace

159 2529 164 2536 -
202 2491 315 2553 nescio
337 2510 414 2571 quo,
436 2501 470 2553 et
492 2487 624 2566 Tisia*,
646 2509 727 2570 quos
754 2490 831 2552 artis
855 2490 943 2553 illins
964 2491 1158 2554 inventores
1183 2506 1223 2556 et

201 2611 362 2694 principes
383 2607 484 2670 fuisse
499 2622 660 2673 constaret
675 2619 683 2671 ἐ
697 2610 984 2693 eloquentissimos,
994 2626 1103 2686 autem
1117 2613 1219 2675 hom·
1243 2643 1247 2649 ·
1264 2637 1269 2648 ·

202 2725 285 2802 lnes,
323 2722 379 2805 qui
415 2722 478 2782 ista
503 2743 563 2783 nec
578 2722 771 2788 didicissent
783 2749 843 2790 nec
857 2729 991 2792 omnino
1005 2731 1087 2795 scire
1101 2752 1217 2794 curas·

203 2859 285 2925 sent,
319 2843 572 2907 innumerabiles
599 2844 759 2924 quosdam
784 2848 996 2911 nominabat:
1034 2829 1075 2913 in*
1092 2856 1221 2935 quibus

204 2963 303 3030 etiam
318 2962 402 3054 (sive
417 2961 471 3022 ille
487 2960 637 3041 irridens,
661 2960 730 3024 sive
753 2964 841 3043 quod
854 2964 900 3026 ita
913 2979 1041 3048 putaret
1053 2980 1152 3050 atque
1168 2973 1217 3035 ita

204 3085 365 3171 audisset)
391 3105 443 3149 me
458 3085 492 3148 in
506 3084 562 3147 illo
575 3106 725 3164 numero,
739 3084 796 3168 qui
811 3086 866 3150 illa
878 3109 942 3151 non
956 3089 1161 3173 didicissem,
1180 3110 1216 3164 et

204 3226 313 3279 tamen
350 3220 401 3304 (ut
427 3213 495 3296 ipse
519 3213 664 3296 dicebat)
697 3233 827 3296 possem
861 3213 985 3296 aliquid
1009 3215 1044 3286 in
1070 3216 1212 3282 dicendo

205 3327 389 3419 proferebat
400 3349 412 3398 ἐ
438 3358 576 3418 quorum
590 3337 637 3399 illi
652 3339 791 3404 alterum
801 3337 897 3412 facile
912 3331 1215 3430 assentiebannihil
1255 3421 1257 3427 γ

207 3445 261 3521 me
275 3455 449 3522 didicisse:
466 3456 499 3517 in
514 3456 616 3530 altero
628 3472 737 3523 autem
750 3443 804 3523 me
819 3461 913 3546 illudi
928 3462 1030 3544 abeo,
1045 3462 1214 3524 autetiam

1103 3587 1210 3671 ipsum
1293 3629 1294 3632 η

233 3833 247 3860 ’
259 3836 336 3885 Corax
345 3838 394 3887 and
405 3836 484 3890 strias
495 3855 560 3889 were
569 3841 610 3889 the
620 3850 689 3889 most
698 3841 795 3890 ancient
802 3844 902 3892 writers
911 3854 976 3906 upon
986 3843 1028 3890 the
1039 3848 1100 3888 arts.
1143 3835 1215 3893 They

185 3923 1263 4028 nmwmsmfflmmumrmfflmmmml

203 4049 258 4098 tltat
268 4053 325 4114 they
337 4069 402 4102 were
410 4056 451 4102 the
459 4054 513 4102 first
533 4055 592 4102 who
613 4053 707 4103 treated
728 4057 770 4103 the
791 4067 841 4103 arts
861 4051 1068 4118 systematically5
1088 4048 1127 4097 for
1147 4048 1213 4095 there

202 4139 269 4207 nore
279 4173 354 4223 many
368 4159 486 4209 accedent
496 4162 598 4210 auurors
611 4162 636 4209 in
645 4173 714 4210 most
724 4171 784 4219 arts,
795 4160 878 4208 before
889 4162 966 4208 them.
1001 4137 1072 4223 Tlrcy
1084 4172 1150 4209 were
1161 4167 1212 4208 cort-

204 4267 344 4334 impetam
355 4262 418 4312 with
428 4262 507 4311 Hiero
517 4241 546 4312 ol
554 4261 679 4324 Syracuse,
689 4265 721 4315 47
722 4265 737 4311 5
748 4277 820 4335 years
827 4262 910 4314 before
920 4262 1012 4312 Christ.
