2742 4950
518 291 890 397 LianaII.6.
1161 345 1222 407 117

203 495 248 557 di
264 493 561 577 disputationesque
573 496 752 580 fugiebant.
799 496 851 559 Ac
865 496 892 563 si
919 497 979 560 tibi
992 500 1158 582 videntur,
1167 505 1224 588 qui

152 636 163 659 »-
205 615 386 699 temporis,
400 614 457 696 qui
470 614 547 694 loci,
559 616 615 698 qui
631 616 806 678 hominum
817 616 977 682 rationem
1002 640 1069 681 non
1093 622 1225 705 hahent,

204 738 325 822 inepti,
339 739 423 802 sicut
435 739 556 801 debent
567 736 674 799 videri
690 763 699 810 ς
721 758 800 798 num
824 739 954 802 tandem
973 754 1029 803 aut
1044 720 1144 813 vlocus
1170 747 1226 810 hic

198 880 275 921 non
285 860 424 937 idoneus
434 863 581 940 videtur,
595 861 629 922 in
641 882 705 942 quo
713 862 857 945 porticus
871 864 937 925 haec
962 863 1042 947 ipsa,
1054 865 1110 928 ubi
1124 867 1226 933 inam.

196 986 371 1066 bulamus,
386 1000 420 1048 et
433 986 592 1070 palaestra,
607 1000 640 1047 et
653 1000 702 1048 tot
708 986 791 1048 locis
804 958 967 1048 sessiones
979 992 1224 1073 gymnasiorum

201 1119 241 1168 et
267 1109 460 1180 Graecarum
482 1105 745 1189 disputationum
765 1107 960 1169 memoriam
985 1109 1227 1198 quodammodo

202 1229 450 1293 commovent?
475 1240 532 1288 aut
545 1202 800 1308 inopportunum
819 1241 947 1312 tempus
972 1231 1005 1292 in
1031 1245 1123 1296 tanto
1143 1228 1226 1317 otio,

180 1351 307 1431 equod
314 1363 348 1412 et
360 1366 435 1411 raro
448 1328 554 1422 datur,
566 1359 599 1410 et
611 1367 697 1407 nunc
710 1360 877 1429 peroptato
889 1348 984 1413 nobis
1011 1352 1124 1419 datum
1149 1373 1199 1422 est
1212 1360 1225 1421 ἓ

203 1483 269 1533 aut
277 1469 427 1531 homines
441 1467 481 1529 ab
497 1466 560 1528 hoc
576 1487 695 1551 genere
709 1466 938 1550 disputationis
950 1471 1061 1551 alieni,
1075 1475 1131 1557 qui
1155 1499 1224 1540 om.

198 1608 266 1650 nes
278 1584 312 1646 hi
327 1605 453 1663 sumus,
467 1598 504 1646 ut
515 1583 584 1647 sine
598 1582 650 1644 his
664 1582 783 1645 studiis
796 1583 898 1647 vitam
921 1585 1043 1649 nullam
1066 1612 1137 1653 esse
1164 1576 1242 1655 du-'l

198 1703 350 1768 camus?
388 1703 511 1793 Omnia
534 1700 609 1777 ista,
632 1700 739 1782 inquit
762 1698 912 1783 Crassus,
935 1727 997 1790 ego
1021 1704 1085 1770 alio
1121 1712 1242 1774 modo*

188 1822 414 1906 interpretor,
430 1821 497 1902 ‘qui
517 1818 663 1911 primum
685 1820 870 1903 palaestram
896 1838 929 1885 et
962 1824 1057 1887 sedes
1094 1838 1128 1887 et
1150 1847 1224 1910 por·
1292 1883 1297 1888 .

121 2029 126 2038 Ι
192 1949 301 2027 tiens,
335 1918 437 2009 etiam
448 1945 550 2029 ipsos,
579 1942 716 2022 Catule,
752 1944 888 2039 Graecos
921 1924 1164 2011 exercitationis
1191 1946 1239 2013 εἶ’

197 2070 430 2139 delectationis
475 2090 598 2147 caussa,
624 2090 708 2131 non·
728 2067 960 2150 disputationis
982 2068 1143 2134 invenisse
1171 2060 1222 2138 ar.

201 2198 337 2261 bitror:
360 2204 484 2254 namet
515 2191 641 2255 seculis
676 2187 789 2252 multis
816 2201 889 2252 ante
916 2187 1086 2274 gymnasia
1111 2189 1222 2256 inven-

202 2326 243 2379 ta
270 2329 354 2393 sunt,
392 2334 490 2397 quam
513 2315 547 2377 ln
572 2314 625 2377 his
662 2291 847 2398 philosophi
875 2309 997 2396 garrire
1024 2323 1186 2394 coeperunt
1212 2336 1223 2385 ς

202 2449 240 2504 et
253 2438 315 2501 hoc
327 2436 398 2522 ipso
411 2451 578 2530 tempore,
602 2460 679 2501 cum
707 2435 819 2499 omnia
842 2431 1012 2519 gymnasia
1033 2430 1222 2516 philosophi

202 2571 349 2637 teneant,
361 2569 472 2620 tamen
486 2575 603 2636 eorum
617 2554 783 2615 auditores
795 2553 949 2615 discum*
974 2551 1099 2631 audire,
1123 2574 1222 2636 quant

203 2655 445 2765 philosophum
458 2673 587 2734 malunt
600 2696 608 2744 ;
633 2670 689 2752 qui
703 2670 799 2732 simul
810 2683 845 2732 ut
857 2670 1027 2754 increpuit,
1054 2672 1088 2734 in
1112 2673 1223 2740 media

205 2798 359 2863 oratione
371 2793 414 2856 de
425 2789 579 2855 maximis
593 2788 689 2851 rebus
714 2802 747 2851 et
768 2790 971 2874 gravissimis
1000 2791 1220 2878 disputantem

204 2916 440 3007 philosophum
468 2912 769 2978 omnesunctionis
796 2937 911 2978 caussa
944 2913 1150 2999 reltnquunt:
1174 2925 1221 2990 ita

203 3039 412 3106 levissimam
432 3040 682 3106 delectationem
709 3040 924 3124 gravissimae,
950 3051 987 3100 ut
1012 3017 1074 3120 ipsi
1100 3043 1221 3127 ferunt,

204 3161 342 3225 utilitati
368 3174 578 3245 anteponunt.
642 3158 761 3220 Otium
786 3170 897 3218 autem
923 3156 1010 3235 quod
1036 3155 1120 3217 dicis
1138 3181 1220 3253 esse,

205 3286 386 3346 assentior:
408 3301 526 3345 venam
536 3279 597 3343 otii
611 3278 737 3341 fructus
762 3289 896 3337 estnon
918 3273 1082 3339 contentio
1106 3277 1220 3361 animi,

211 3405 273 3467 sed
285 3403 453 3468 relaxatio.

250 3619 264 3695 l
287 3617 351 3684 vl.
398 3615 484 3697 Sape
498 3635 541 3679 ex
563 3634 677 3677 socero
699 3595 775 3676 ineo
800 3607 924 3686 audivi,
951 3628 1026 3670 cum
1040 3603 1067 3668 is
1082 3593 1217 3689 diceret,

198 3755 354 3801 'socerum
376 3747 473 3798 suum
496 3732 637 3797 Laelium
659 3752 790 3817 semper
811 3731 878 3798 fere
902 3755 977 3796 cum
1001 3735 1151 3820 Scipione
1166 3762 1217 3803 so·

1119 3861 1224 3928 litum·
1247 3919 1248 3922 ,

233 4069 246 4096 ”
263 4070 321 4117 The
328 4066 404 4118 discas
421 4081 476 4116 was
492 4082 507 4115 a
523 4069 602 4131 heavy
614 4082 684 4115 mass
705 4066 736 4115 of
749 4077 826 4125 stone,
846 4065 909 4124 lead,
927 4067 1024 4124 miron,
1037 4067 1224 4118 withahandle

137 4187 142 4204 r
204 4160 279 4217 made
289 4167 319 4215 of
326 4185 341 4217 a
350 4165 436 4231 thong.
469 4169 528 4217 The
537 4184 622 4231 young
630 4183 692 4216 men
708 4168 764 4217 vied
773 4169 837 4218 with
848 4147 897 4216 one¹
904 4170 1014 4225 another,
1034 4169 1060 4215 in
1078 4169 1143 4217 their
1151 4184 1219 4218 exer·

1363 4093 1366 4138 l

1364 4151 1366 4218 l

202 4268 268 4326 tions
278 4277 304 4316 to
312 4269 391 4336 throw
403 4270 423 4319 it
434 4278 461 4318 to
470 4271 515 4320 the
524 4281 632 4335 greatest
642 4268 759 4320 distance.
797 4268 883 4332 Calep.
896 4265 1090 4318 Dictionarium.
1364 4237 1366 4360 l
