<?xml version="1.0" encoding="UTF-8"?>
<!DOCTYPE html PUBLIC "-//W3C//DTD XHTML 1.0 Transitional//EN"
    "http://www.w3.org/TR/xhtml1/DTD/xhtml1-transitional.dtd">
<html xmlns="http://www.w3.org/1999/xhtml" xml:lang="en" lang="en">
 <head>
  <title>
</title>
<meta http-equiv="Content-Type" content="text/html;charset=utf-8" />
  <meta name='ocr-system' content='tesseract 3.04.00' />
  <meta name='ocr-capabilities' content='ocr_page ocr_carea ocr_par ocr_line ocrx_word'/>
</head>
<body>
  <div class='ocr_page' id='page_1' title='image "./mtulliiciceroni00smitgoog_0033.png"; bbox 0 0 2742 4950; ppageno 0'>
   <div class='ocr_carea' id='block_1_1' title="bbox 495 370 1183 447">
    <p class='ocr_par' dir='ltr' id='par_1_1' title="bbox 495 370 1183 447">
     <span class='ocr_line' id='line_1_1' title="bbox 495 370 1183 447; baseline 0.003 -12"><span class='ocrx_word' id='word_1_1' title='bbox 495 370 774 435; x_wconf 79' lang='lat' dir='ltr'>Lrannl.</span> <span class='ocrx_word' id='word_1_2' title='bbox 828 384 859 438; x_wconf 78' lang='lat' dir='ltr'>t·</span> <span class='ocrx_word' id='word_1_3' title='bbox 1141 390 1183 447; x_wconf 72' lang='lat'>29</span> 
     </span>
    </p>
   </div>
   <div class='ocr_carea' id='block_1_2' title="bbox 164 536 1191 3078">
    <p class='ocr_par' dir='ltr' id='par_1_2' title="bbox 164 536 1191 3078">
     <span class='ocr_line' id='line_1_2' title="bbox 213 536 1186 622; baseline 0.011 -20"><span class='ocrx_word' id='word_1_4' title='bbox 213 539 353 621; x_wconf 68' lang='lat' dir='ltr'>tvm.</span> <span class='ocrx_word' id='word_1_5' title='bbox 398 536 465 614; x_wconf 92' lang='lat' dir='ltr'>lbi,</span> <span class='ocrx_word' id='word_1_6' title='bbox 490 549 529 600; x_wconf 90' lang='lat' dir='ltr'>ut</span> <span class='ocrx_word' id='word_1_7' title='bbox 553 558 596 601; x_wconf 84' lang='lat' dir='ltr'>ex</span> <span class='ocrx_word' id='word_1_8' title='bbox 620 537 760 622; x_wconf 88' lang='lat' dir='ltr'>pristino</span> <span class='ocrx_word' id='word_1_9' title='bbox 786 558 934 605; x_wconf 81' lang='lat' dir='ltr'>sermone</span> <span class='ocrx_word' id='word_1_10' title='bbox 960 541 1186 613; x_wconf 77' lang='lat' dir='ltr'>relaxarentur</span> 
     </span>
     <span class='ocr_line' id='line_1_3' title="bbox 164 658 1183 742; baseline -0.006 -13"><span class='ocrx_word' id='word_1_11' title='bbox 164 666 271 733; x_wconf 74' lang='lat' dir='ltr'>animi</span> <span class='ocrx_word' id='word_1_12' title='bbox 295 664 460 740; x_wconf 86' lang='lat' dir='ltr'>omnium,</span> <span class='ocrx_word' id='word_1_13' title='bbox 493 659 617 723; x_wconf 86' lang='lat' dir='ltr'>solebat</span> <span class='ocrx_word' id='word_1_14' title='bbox 643 658 743 722; x_wconf 89' lang='lat' dir='ltr'>Cotta</span> <span class='ocrx_word' id='word_1_15' title='bbox 767 680 909 742; x_wconf 86' lang='lat' dir='ltr'>narrare,</span> <span class='ocrx_word' id='word_1_16' title='bbox 936 663 1091 731; x_wconf 80' lang='lat' dir='ltr'>Crassum</span> <span class='ocrx_word' id='word_1_17' title='bbox 1117 692 1183 735; x_wconf 73' lang='lat' dir='ltr'>ser.</span> 
     </span>
     <span class='ocr_line' id='line_1_4' title="bbox 164 784 1180 877; baseline 0.005 -22"><span class='ocrx_word' id='word_1_18' title='bbox 164 810 303 855; x_wconf 86' lang='lat' dir='ltr'>monem</span> <span class='ocrx_word' id='word_1_19' title='bbox 316 789 481 877; x_wconf 84' lang='lat' dir='ltr'><strong>quendam</strong></span> <span class='ocrx_word' id='word_1_20' title='bbox 492 788 534 850; x_wconf 92' lang='lat' dir='ltr'>de</span> <span class='ocrx_word' id='word_1_21' title='bbox 548 784 659 847; x_wconf 89' lang='lat' dir='ltr'>studio</span> <span class='ocrx_word' id='word_1_22' title='bbox 672 784 806 847; x_wconf 89' lang='lat' dir='ltr'>dicendi</span> <span class='ocrx_word' id='word_1_23' title='bbox 820 784 978 852; x_wconf 86' lang='lat' dir='ltr'>intulisse.</span> <span class='ocrx_word' id='word_1_24' title='bbox 1022 791 1180 869; x_wconf 84' lang='lat' dir='ltr'>Quicum</span> 
     </span>
     <span class='ocr_line' id='line_1_5' title="bbox 168 912 1182 1003; baseline 0.005 -21"><span class='ocrx_word' id='word_1_25' title='bbox 168 917 217 982; x_wconf 87' lang='lat' dir='ltr'>ita</span> <span class='ocrx_word' id='word_1_26' title='bbox 231 931 320 982; x_wconf 88' lang='lat' dir='ltr'>esset</span> <span class='ocrx_word' id='word_1_27' title='bbox 332 938 482 996; x_wconf 86' lang='lat' dir='ltr'>exorsus,</span> <span class='ocrx_word' id='word_1_28' title='bbox 504 916 585 979; x_wconf 88' lang='lat' dir='ltr'>Non</span> <span class='ocrx_word' id='word_1_29' title='bbox 605 913 669 977; x_wconf 86' lang='lat' dir='ltr'>sibi</span> <span class='ocrx_word' id='word_1_30' title='bbox 691 912 926 981; x_wconf 88' lang='lat' dir='ltr'>cohortandum</span> <span class='ocrx_word' id='word_1_31' title='bbox 951 918 1127 1003; x_wconf 87' lang='lat' dir='ltr'>Sulpitium</span> <span class='ocrx_word' id='word_1_32' title='bbox 1148 937 1182 989; x_wconf 90' lang='lat' dir='ltr'>et</span> 
     </span>
     <span class='ocr_line' id='line_1_6' title="bbox 170 1037 1186 1121; baseline 0.008 -21"><span class='ocrx_word' id='word_1_33' title='bbox 170 1039 329 1113; x_wconf 76' lang='lat' dir='ltr'>Cottam-3</span> <span class='ocrx_word' id='word_1_34' title='bbox 362 1040 422 1102; x_wconf 91' lang='lat' dir='ltr'>sed</span> <span class='ocrx_word' id='word_1_35' title='bbox 448 1037 554 1121; x_wconf 80' lang='lat' dir='ltr'>magis</span> <span class='ocrx_word' id='word_1_36' title='bbox 577 1049 753 1118; x_wconf 89' lang='lat' dir='ltr'>utrumque</span> <span class='ocrx_word' id='word_1_37' title='bbox 781 1037 1033 1103; x_wconf 87' lang='lat' dir='ltr'>collaudandum</span> <span class='ocrx_word' id='word_1_38' title='bbox 1064 1042 1186 1121; x_wconf 75' lang='lat' dir='ltr'>videri,</span> 
     </span>
     <span class='ocr_line' id='line_1_7' title="bbox 170 1134 1191 1242; baseline 0.004 -22"><span class='ocrx_word' id='word_1_39' title='bbox 170 1161 260 1240; x_wconf 87' lang='lat' dir='ltr'>qnod</span> <span class='ocrx_word' id='word_1_40' title='bbox 284 1171 409 1221; x_wconf 91' lang='lat' dir='ltr'>tantam</span> <span class='ocrx_word' id='word_1_41' title='bbox 438 1158 510 1242; x_wconf 87' lang='lat' dir='ltr'>jam</span> <span class='ocrx_word' id='word_1_42' title='bbox 546 1167 654 1221; x_wconf 88' lang='lat' dir='ltr'>essent</span> <span class='ocrx_word' id='word_1_43' title='bbox 680 1152 870 1220; x_wconf 80' lang='lat' dir='ltr'><strong>facultatem</strong></span> <span class='ocrx_word' id='word_1_44' title='bbox 895 1157 1017 1240; x_wconf 78' lang='lat' dir='ltr'><strong>adepti,</strong></span> <span class='ocrx_word' id='word_1_45' title='bbox 1050 1174 1088 1223; x_wconf 91' lang='lat' dir='ltr'>ut</span> <span class='ocrx_word' id='word_1_46' title='bbox 1117 1134 1191 1224; x_wconf 36' lang='lat' dir='ltr'>non*</span> 
     </span>
     <span class='ocr_line' id='line_1_8' title="bbox 170 1280 1182 1366; baseline 0.009 -25"><span class='ocrx_word' id='word_1_47' title='bbox 170 1281 348 1366; x_wconf 74' lang='lat' dir='ltr'>aequalibus</span> <span class='ocrx_word' id='word_1_48' title='bbox 382 1282 452 1342; x_wconf 90' lang='lat' dir='ltr'>suis</span> <span class='ocrx_word' id='word_1_49' title='bbox 479 1280 583 1342; x_wconf 89' lang='lat' dir='ltr'>solum</span> <span class='ocrx_word' id='word_1_50' title='bbox 613 1291 894 1361; x_wconf 79' lang='lat' dir='ltr'>anteponerentur,</span> <span class='ocrx_word' id='word_1_51' title='bbox 927 1282 987 1345; x_wconf 89' lang='lat' dir='ltr'>sed</span> <span class='ocrx_word' id='word_1_52' title='bbox 1011 1305 1086 1349; x_wconf 88' lang='lat' dir='ltr'>cum</span> <span class='ocrx_word' id='word_1_53' title='bbox 1114 1307 1182 1350; x_wconf 84' lang='lat' dir='ltr'>ma·</span> 
     </span>
     <span class='ocr_line' id='line_1_9' title="bbox 164 1394 1182 1487; baseline 0.012 -32"><span class='ocrx_word' id='word_1_54' title='bbox 164 1395 302 1480; x_wconf 83' lang='lat' dir='ltr'>juribus</span> <span class='ocrx_word' id='word_1_55' title='bbox 323 1410 397 1457; x_wconf 87' lang='lat' dir='ltr'>natu</span> <span class='ocrx_word' id='word_1_56' title='bbox 421 1408 695 1480; x_wconf 83' lang='lat' dir='ltr'>compararentur.</span> <span class='ocrx_word' id='word_1_57' title='bbox 741 1394 859 1480; x_wconf 83' lang='lat' dir='ltr'>Neque</span> <span class='ocrx_word' id='word_1_58' title='bbox 881 1418 960 1462; x_wconf 88' lang='lat' dir='ltr'>vern</span> <span class='ocrx_word' id='word_1_59' title='bbox 982 1400 1064 1463; x_wconf 91' lang='lat' dir='ltr'>mihi</span> <span class='ocrx_word' id='word_1_60' title='bbox 1087 1403 1182 1487; x_wconf 92' lang='lat' dir='ltr'>quid·</span> 
     </span>
     <span class='ocr_line' id='line_1_10' title="bbox 173 1513 1182 1603; baseline 0.011 -27"><span class='ocrx_word' id='word_1_61' title='bbox 173 1535 284 1601; x_wconf 87' lang='lat' dir='ltr'>quam,</span> <span class='ocrx_word' id='word_1_62' title='bbox 306 1513 424 1598; x_wconf 89' lang='lat' dir='ltr'>inquit,</span> <span class='ocrx_word' id='word_1_63' title='bbox 445 1515 663 1603; x_wconf 64' lang='lat' dir='ltr'>praestabilius</span> <span class='ocrx_word' id='word_1_64' title='bbox 682 1513 824 1595; x_wconf 86' lang='lat' dir='ltr'>videtur,</span> <span class='ocrx_word' id='word_1_65' title='bbox 846 1536 944 1598; x_wconf 89' lang='lat' dir='ltr'>quam</span> <span class='ocrx_word' id='word_1_66' title='bbox 956 1537 1051 1602; x_wconf 87' lang='lat' dir='ltr'>posse</span> <span class='ocrx_word' id='word_1_67' title='bbox 1072 1521 1182 1587; x_wconf 89' lang='lat' dir='ltr'>dicen·</span> 
     </span>
     <span class='ocr_line' id='line_1_11' title="bbox 171 1608 1181 1719; baseline 0.011 -23"><span class='ocrx_word' id='word_1_68' title='bbox 171 1608 216 1696; x_wconf 89' lang='lat' dir='ltr'>do</span> <span class='ocrx_word' id='word_1_69' title='bbox 238 1648 351 1699; x_wconf 88' lang='lat' dir='ltr'>tenere</span> <span class='ocrx_word' id='word_1_70' title='bbox 375 1633 549 1699; x_wconf 88' lang='lat' dir='ltr'>hominurn</span> <span class='ocrx_word' id='word_1_71' title='bbox 567 1633 669 1712; x_wconf 85' lang='lat' dir='ltr'>coetis,</span> <span class='ocrx_word' id='word_1_72' title='bbox 696 1646 820 1699; x_wconf 88' lang='lat' dir='ltr'>mentes</span> <span class='ocrx_word' id='word_1_73' title='bbox 832 1634 973 1719; x_wconf 83' lang='lat' dir='ltr'>allicere,</span> <span class='ocrx_word' id='word_1_74' title='bbox 998 1641 1181 1709; x_wconf 84' lang='lat' dir='ltr'>voluntates</span> 
     </span>
     <span class='ocr_line' id='line_1_12' title="bbox 171 1757 1180 1845; baseline 0.013 -26"><span class='ocrx_word' id='word_1_75' title='bbox 171 1757 348 1842; x_wconf 85' lang='lat' dir='ltr'>impellere,</span> <span class='ocrx_word' id='word_1_76' title='bbox 384 1781 449 1845; x_wconf 90' lang='lat' dir='ltr'>quo</span> <span class='ocrx_word' id='word_1_77' title='bbox 476 1759 584 1835; x_wconf 88' lang='lat' dir='ltr'>velis;</span> <span class='ocrx_word' id='word_1_78' title='bbox 621 1760 708 1824; x_wconf 89' lang='lat' dir='ltr'>unde</span> <span class='ocrx_word' id='word_1_79' title='bbox 735 1776 845 1828; x_wconf 89' lang='lat' dir='ltr'>autem</span> <span class='ocrx_word' id='word_1_80' title='bbox 871 1763 966 1843; x_wconf 86' lang='lat' dir='ltr'>velis,</span> <span class='ocrx_word' id='word_1_81' title='bbox 1005 1767 1180 1833; x_wconf 83' lang='lat' dir='ltr'>deducere.</span> 
     </span>
     <span class='ocr_line' id='line_1_13' title="bbox 169 1877 1182 1970; baseline 0.004 -32"><span class='ocrx_word' id='word_1_82' title='bbox 169 1877 255 1943; x_wconf 66' lang='lat' dir='ltr'>‘Haec</span> <span class='ocrx_word' id='word_1_83' title='bbox 275 1901 339 1943; x_wconf 91' lang='lat' dir='ltr'>una</span> <span class='ocrx_word' id='word_1_84' title='bbox 351 1901 404 1943; x_wconf 87' lang='lat' dir='ltr'>res</span> <span class='ocrx_word' id='word_1_85' title='bbox 421 1883 456 1943; x_wconf 93' lang='lat' dir='ltr'>in</span> <span class='ocrx_word' id='word_1_86' title='bbox 470 1882 560 1945; x_wconf 88' lang='lat' dir='ltr'>omni</span> <span class='ocrx_word' id='word_1_87' title='bbox 573 1882 679 1946; x_wconf 91' lang='lat' dir='ltr'>libero</span> <span class='ocrx_word' id='word_1_88' title='bbox 698 1881 832 1968; x_wconf 89' lang='lat' dir='ltr'>populo,</span> <span class='ocrx_word' id='word_1_89' title='bbox 854 1883 1061 1966; x_wconf 80' lang='lat' dir='ltr'>maximeque</span> <span class='ocrx_word' id='word_1_90' title='bbox 1075 1887 1109 1948; x_wconf 92' lang='lat' dir='ltr'>in</span> <span class='ocrx_word' id='word_1_91' title='bbox 1126 1908 1182 1970; x_wconf 87' lang='lat' dir='ltr'>pa.</span> 
     </span>
     <span class='ocr_line' id='line_1_14' title="bbox 171 2001 1184 2093; baseline 0.012 -29"><span class='ocrx_word' id='word_1_92' title='bbox 171 2004 254 2067; x_wconf 83' lang='lat' dir='ltr'>catis</span> <span class='ocrx_word' id='word_1_93' title='bbox 266 2005 515 2093; x_wconf 73' lang='lat' dir='ltr'>tranquillisque</span> <span class='ocrx_word' id='word_1_94' title='bbox 529 2004 719 2079; x_wconf 84' lang='lat' dir='ltr'>civitatibus</span> <span class='ocrx_word' id='word_1_95' title='bbox 739 2001 902 2088; x_wconf 85' lang='lat' dir='ltr'>praecipue</span> <span class='ocrx_word' id='word_1_96' title='bbox 923 2025 1052 2090; x_wconf 87' lang='lat' dir='ltr'>semper</span> <span class='ocrx_word' id='word_1_97' title='bbox 1063 2008 1184 2093; x_wconf 81' lang='lat' dir='ltr'>floruit,</span> 
     </span>
     <span class='ocr_line' id='line_1_15' title="bbox 172 2123 1182 2210; baseline 0.011 -24"><span class='ocrx_word' id='word_1_98' title='bbox 172 2146 369 2210; x_wconf 84' lang='lat' dir='ltr'>semperque</span> <span class='ocrx_word' id='word_1_99' title='bbox 382 2127 552 2191; x_wconf 84' lang='lat' dir='ltr'>dominata</span> <span class='ocrx_word' id='word_1_100' title='bbox 564 2141 623 2191; x_wconf 88' lang='lat' dir='ltr'>est.</span> <span class='ocrx_word' id='word_1_101' title='bbox 670 2123 764 2201; x_wconf 81' lang='lat' dir='ltr'>Quid</span> <span class='ocrx_word' id='word_1_102' title='bbox 788 2123 877 2187; x_wconf 87' lang='lat' dir='ltr'>enirn</span> <span class='ocrx_word' id='word_1_103' title='bbox 900 2138 950 2189; x_wconf 89' lang='lat' dir='ltr'>est</span> <span class='ocrx_word' id='word_1_104' title='bbox 970 2142 1026 2191; x_wconf 88' lang='lat' dir='ltr'>aut</span> <span class='ocrx_word' id='word_1_105' title='bbox 1046 2143 1113 2195; x_wconf 86' lang='lat' dir='ltr'>tam</span> <span class='ocrx_word' id='word_1_106' title='bbox 1127 2136 1182 2201; x_wconf 83' lang='lat' dir='ltr'>ad·</span> 
     </span>
     <span class='ocr_line' id='line_1_16' title="bbox 174 2244 1182 2330; baseline 0.01 -23"><span class='ocrx_word' id='word_1_107' title='bbox 174 2245 339 2325; x_wconf 87' lang='lat' dir='ltr'>mirabile,</span> <span class='ocrx_word' id='word_1_108' title='bbox 353 2269 446 2330; x_wconf 90' lang='lat' dir='ltr'>quam</span> <span class='ocrx_word' id='word_1_109' title='bbox 455 2269 496 2310; x_wconf 87' lang='lat' dir='ltr'>ex</span> <span class='ocrx_word' id='word_1_110' title='bbox 505 2246 631 2309; x_wconf 87' lang='lat' dir='ltr'>infinita</span> <span class='ocrx_word' id='word_1_111' title='bbox 638 2244 848 2310; x_wconf 88' lang='lat' dir='ltr'>multitudine</span> <span class='ocrx_word' id='word_1_112' title='bbox 858 2244 1029 2327; x_wconf 85' lang='lat' dir='ltr'>hominum</span> <span class='ocrx_word' id='word_1_113' title='bbox 1041 2251 1182 2317; x_wconf 86' lang='lat' dir='ltr'>existere</span> 
     </span>
     <span class='ocr_line' id='line_1_17' title="bbox 175 2368 1181 2453; baseline 0.006 -23"><span class='ocrx_word' id='word_1_114' title='bbox 175 2389 288 2447; x_wconf 91' lang='lat' dir='ltr'>unum,</span> <span class='ocrx_word' id='word_1_115' title='bbox 302 2368 357 2452; x_wconf 91' lang='lat' dir='ltr'>qui</span> <span class='ocrx_word' id='word_1_116' title='bbox 371 2369 417 2449; x_wconf 90' lang='lat' dir='ltr'>id,</span> <span class='ocrx_word' id='word_1_117' title='bbox 434 2370 523 2453; x_wconf 92' lang='lat' dir='ltr'>quod</span> <span class='ocrx_word' id='word_1_118' title='bbox 534 2369 687 2439; x_wconf 86' lang='lat' dir='ltr'>omnibns</span> <span class='ocrx_word' id='word_1_119' title='bbox 697 2383 814 2433; x_wconf 88' lang='lat' dir='ltr'>natura</span> <span class='ocrx_word' id='word_1_120' title='bbox 827 2369 869 2431; x_wconf 89' lang='lat' dir='ltr'>sit</span> <span class='ocrx_word' id='word_1_121' title='bbox 881 2370 1005 2448; x_wconf 88' lang='lat' dir='ltr'>datum,</span> <span class='ocrx_word' id='word_1_122' title='bbox 1026 2373 1079 2434; x_wconf 90' lang='lat' dir='ltr'>vel</span> <span class='ocrx_word' id='word_1_123' title='bbox 1093 2372 1181 2436; x_wconf 89' lang='lat' dir='ltr'>solus</span> 
     </span>
     <span class='ocr_line' id='line_1_18' title="bbox 174 2490 1183 2576; baseline 0 -23"><span class='ocrx_word' id='word_1_124' title='bbox 174 2490 227 2556; x_wconf 90' lang='lat' dir='ltr'>vel</span> <span class='ocrx_word' id='word_1_125' title='bbox 240 2512 314 2554; x_wconf 87' lang='lat' dir='ltr'>eum</span> <span class='ocrx_word' id='word_1_126' title='bbox 326 2492 439 2576; x_wconf 90' lang='lat' dir='ltr'>paucis</span> <span class='ocrx_word' id='word_1_127' title='bbox 450 2491 556 2555; x_wconf 87' lang='lat' dir='ltr'>facere</span> <span class='ocrx_word' id='word_1_128' title='bbox 565 2491 690 2575; x_wconf 85' lang='lat' dir='ltr'>possit?</span> <span class='ocrx_word' id='word_1_129' title='bbox 713 2503 768 2553; x_wconf 90' lang='lat' dir='ltr'>aut</span> <span class='ocrx_word' id='word_1_130' title='bbox 780 2504 848 2552; x_wconf 88' lang='lat' dir='ltr'>tarn</span> <span class='ocrx_word' id='word_1_131' title='bbox 853 2490 1037 2574; x_wconf 87' lang='lat' dir='ltr'>jucundum</span> <span class='ocrx_word' id='word_1_132' title='bbox 1049 2491 1183 2575; x_wconf 80' lang='lat' dir='ltr'>cognitu</span> 
     </span>
     <span class='ocr_line' id='line_1_19' title="bbox 174 2603 1180 2700; baseline -0.003 -22"><span class='ocrx_word' id='word_1_133' title='bbox 174 2625 269 2700; x_wconf 86' lang='lat' dir='ltr'>atque</span> <span class='ocrx_word' id='word_1_134' title='bbox 284 2615 411 2693; x_wconf 89' lang='lat' dir='ltr'>auditu,</span> <span class='ocrx_word' id='word_1_135' title='bbox 436 2603 537 2698; x_wconf 79' lang='lat' dir='ltr'>quarn</span> <span class='ocrx_word' id='word_1_136' title='bbox 550 2612 750 2694; x_wconf 86' lang='lat' dir='ltr'>sapientibus</span> <span class='ocrx_word' id='word_1_137' title='bbox 772 2608 942 2673; x_wconf 88' lang='lat' dir='ltr'>sententiis</span> <span class='ocrx_word' id='word_1_138' title='bbox 964 2611 1180 2696; x_wconf 84' lang='lat' dir='ltr'>gravibusque</span> 
     </span>
     <span class='ocr_line' id='line_1_20' title="bbox 172 2737 1181 2829; baseline 0.008 -26"><span class='ocrx_word' id='word_1_139' title='bbox 172 2741 285 2803; x_wconf 85' lang='lat' dir='ltr'>verbis</span> <span class='ocrx_word' id='word_1_140' title='bbox 303 2755 421 2800; x_wconf 76' lang='lat' dir='ltr'>ornata</span> <span class='ocrx_word' id='word_1_141' title='bbox 434 2737 538 2800; x_wconf 87' lang='lat' dir='ltr'>oratio</span> <span class='ocrx_word' id='word_1_142' title='bbox 551 2752 584 2802; x_wconf 88' lang='lat' dir='ltr'>et</span> <span class='ocrx_word' id='word_1_143' title='bbox 595 2737 721 2821; x_wconf 81' lang='lat' dir='ltr'>polita?</span> <span class='ocrx_word' id='word_1_144' title='bbox 748 2752 803 2802; x_wconf 87' lang='lat' dir='ltr'>aut</span> <span class='ocrx_word' id='word_1_145' title='bbox 824 2751 892 2800; x_wconf 90' lang='lat' dir='ltr'>tam</span> <span class='ocrx_word' id='word_1_146' title='bbox 914 2754 1028 2822; x_wconf 87' lang='lat' dir='ltr'>potens</span> <span class='ocrx_word' id='word_1_147' title='bbox 1050 2757 1181 2829; x_wconf 88' lang='lat' dir='ltr'>tamque</span> 
     </span>
     <span class='ocr_line' id='line_1_21' title="bbox 175 2843 1179 2951; baseline 0.006 -27"><span class='ocrx_word' id='word_1_148' title='bbox 175 2857 397 2944; x_wconf 71' lang='lat' dir='ltr'>magnificum,</span> <span class='ocrx_word' id='word_1_149' title='bbox 421 2881 520 2943; x_wconf 89' lang='lat' dir='ltr'>quarn</span> <span class='ocrx_word' id='word_1_150' title='bbox 542 2843 654 2945; x_wconf 83' lang='lat' dir='ltr'>populi</span> <span class='ocrx_word' id='word_1_151' title='bbox 677 2873 798 2939; x_wconf 88' lang='lat' dir='ltr'>motus,</span> <span class='ocrx_word' id='word_1_152' title='bbox 818 2859 970 2946; x_wconf 87' lang='lat' dir='ltr'>judicum</span> <span class='ocrx_word' id='word_1_153' title='bbox 994 2862 1179 2951; x_wconf 78' lang='lat' dir='ltr'>religiones,</span> 
     </span>
     <span class='ocr_line' id='line_1_22' title="bbox 174 2989 1183 3078; baseline -0.003 -21"><span class='ocrx_word' id='word_1_154' title='bbox 174 3006 301 3058; x_wconf 85' lang='lat' dir='ltr'>senatus</span> <span class='ocrx_word' id='word_1_155' title='bbox 328 2990 535 3078; x_wconf 84' lang='lat' dir='ltr'>gravitatem,</span> <span class='ocrx_word' id='word_1_156' title='bbox 567 2989 674 3055; x_wconf 83' lang='lat' dir='ltr'>unius&#39;</span> <span class='ocrx_word' id='word_1_157' title='bbox 693 2990 840 3053; x_wconf 87' lang='lat' dir='ltr'>oratione</span> <span class='ocrx_word' id='word_1_158' title='bbox 868 2990 1041 3053; x_wconf 80' lang='lat' dir='ltr'>converti?</span> <span class='ocrx_word' id='word_1_159' title='bbox 1090 2991 1183 3069; x_wconf 84' lang='lat' dir='ltr'>Quid</span> 
     </span>
    </p>
   </div>
   <div class='ocr_carea' id='block_1_3' title="bbox 172 3115 1182 3205">
    <p class='ocr_par' dir='ltr' id='par_1_3' title="bbox 172 3115 1182 3205">
     <span class='ocr_line' id='line_1_23' title="bbox 172 3115 1182 3205; baseline -0.001 -22"><span class='ocrx_word' id='word_1_160' title='bbox 172 3141 269 3205; x_wconf 87' lang='lat' dir='ltr'>porro</span> <span class='ocrx_word' id='word_1_161' title='bbox 283 3134 351 3184; x_wconf 89' lang='lat' dir='ltr'>tam</span> <span class='ocrx_word' id='word_1_162' title='bbox 363 3119 508 3204; x_wconf 77' lang='lat' dir='ltr'>regium,</span> <span class='ocrx_word' id='word_1_163' title='bbox 527 3131 596 3179; x_wconf 89' lang='lat' dir='ltr'>tam</span> <span class='ocrx_word' id='word_1_164' title='bbox 607 3115 756 3193; x_wconf 84' lang='lat' dir='ltr'>liberale,</span> <span class='ocrx_word' id='word_1_165' title='bbox 779 3130 845 3179; x_wconf 89' lang='lat' dir='ltr'>tarn</span> <span class='ocrx_word' id='word_1_166' title='bbox 859 3118 1061 3196; x_wconf 85' lang='lat' dir='ltr'>munificum,</span> <span class='ocrx_word' id='word_1_167' title='bbox 1084 3139 1182 3200; x_wconf 87' lang='lat' dir='ltr'>quarn</span> 
     </span>
    </p>
   </div>
   <div class='ocr_carea' id='block_1_4' title="bbox 124 3226 1181 3340">
    <p class='ocr_par' dir='ltr' id='par_1_4' title="bbox 124 3226 1181 3340">
     <span class='ocr_line' id='line_1_24' title="bbox 124 3226 1181 3340; baseline 0.001 -37"><span class='ocrx_word' id='word_1_168' title='bbox 124 3321 130 3340; x_wconf 45' lang='grc' dir='ltr'><strong><em>Ι</em></strong></span> <span class='ocrx_word' id='word_1_169' title='bbox 172 3226 272 3324; x_wconf 77' lang='lat' dir='ltr'>bpem</span> <span class='ocrx_word' id='word_1_170' title='bbox 283 3242 369 3307; x_wconf 85' lang='lat' dir='ltr'>ferre</span> <span class='ocrx_word' id='word_1_171' title='bbox 383 3238 597 3323; x_wconf 85' lang='lat' dir='ltr'>supplicibus,</span> <span class='ocrx_word' id='word_1_172' title='bbox 611 3237 753 3304; x_wconf 81' lang='lat' dir='ltr'>excitare</span> <span class='ocrx_word' id='word_1_173' title='bbox 768 3238 911 3318; x_wconf 88' lang='lat' dir='ltr'>afflictos,</span> <span class='ocrx_word' id='word_1_174' title='bbox 935 3240 1011 3302; x_wconf 87' lang='lat' dir='ltr'>dare</span> <span class='ocrx_word' id='word_1_175' title='bbox 1025 3236 1181 3314; x_wconf 78' lang='lat' dir='ltr'>salutem3</span> 
     </span>
    </p>
   </div>
   <div class='ocr_carea' id='block_1_5' title="bbox 114 3362 1189 4275">
    <p class='ocr_par' dir='ltr' id='par_1_5' title="bbox 114 3362 1186 4045">
     <span class='ocr_line' id='line_1_25' title="bbox 170 3362 1183 3447; baseline -0.004 -18"><span class='ocrx_word' id='word_1_176' title='bbox 170 3366 315 3434; x_wconf 84' lang='lat' dir='ltr'>liberare</span> <span class='ocrx_word' id='word_1_177' title='bbox 327 3364 495 3447; x_wconf 89' lang='lat' dir='ltr'>periculis,</span> <span class='ocrx_word' id='word_1_178' title='bbox 512 3362 682 3426; x_wconf 80' lang='lat' dir='ltr'>retinere*</span> <span class='ocrx_word' id='word_1_179' title='bbox 701 3363 849 3430; x_wconf 90' lang='lat' dir='ltr'>homines</span> <span class='ocrx_word' id='word_1_180' title='bbox 863 3366 896 3428; x_wconf 90' lang='lat' dir='ltr'>in</span> <span class='ocrx_word' id='word_1_181' title='bbox 910 3365 1041 3430; x_wconf 86' lang='lat' dir='ltr'>civitate</span> <span class='ocrx_word' id='word_1_182' title='bbox 1055 3364 1067 3430; x_wconf 75' lang='grc' dir='ltr'><strong><em>ἓ</em></strong></span> <span class='ocrx_word' id='word_1_183' title='bbox 1090 3363 1183 3439; x_wconf 74' lang='lat' dir='ltr'>Quid</span> 
     </span>
     <span class='ocr_line' id='line_1_26' title="bbox 173 3478 1182 3576; baseline -0.004 -19"><span class='ocrx_word' id='word_1_184' title='bbox 173 3507 287 3558; x_wconf 83' lang='lat' dir='ltr'>autem</span> <span class='ocrx_word' id='word_1_185' title='bbox 312 3478 381 3555; x_wconf 84' lang='lat' dir='ltr'>tam</span> <span class='ocrx_word' id='word_1_186' title='bbox 406 3489 638 3572; x_wconf 71' lang='lat' dir='ltr'>necessarium,</span> <span class='ocrx_word' id='word_1_187' title='bbox 666 3513 764 3576; x_wconf 88' lang='lat' dir='ltr'>quam</span> <span class='ocrx_word' id='word_1_188' title='bbox 788 3507 897 3557; x_wconf 89' lang='lat' dir='ltr'>tenere</span> <span class='ocrx_word' id='word_1_189' title='bbox 925 3512 1053 3576; x_wconf 89' lang='lat' dir='ltr'>semper</span> <span class='ocrx_word' id='word_1_190' title='bbox 1080 3511 1182 3569; x_wconf 87' lang='lat' dir='ltr'>arma,</span> 
     </span>
     <span class='ocr_line' id='line_1_27' title="bbox 175 3610 1183 3702; baseline -0.005 -22"><span class='ocrx_word' id='word_1_191' title='bbox 175 3616 294 3702; x_wconf 89' lang='lat' dir='ltr'>quibus</span> <span class='ocrx_word' id='word_1_192' title='bbox 307 3615 359 3680; x_wconf 89' lang='lat' dir='ltr'>vel</span> <span class='ocrx_word' id='word_1_193' title='bbox 372 3628 479 3682; x_wconf 88' lang='lat' dir='ltr'>tectus</span> <span class='ocrx_word' id='word_1_194' title='bbox 495 3616 562 3700; x_wconf 87' lang='lat' dir='ltr'>ipse</span> <span class='ocrx_word' id='word_1_195' title='bbox 578 3638 648 3682; x_wconf 84' lang='lat' dir='ltr'>esse</span> <span class='ocrx_word' id='word_1_196' title='bbox 662 3615 782 3701; x_wconf 82' lang='lat' dir='ltr'>possis,</span> <span class='ocrx_word' id='word_1_197' title='bbox 804 3615 857 3679; x_wconf 88' lang='lat' dir='ltr'>vel</span> <span class='ocrx_word' id='word_1_198' title='bbox 869 3632 1049 3698; x_wconf 86' lang='lat' dir='ltr'>provocare</span> <span class='ocrx_word' id='word_1_199' title='bbox 1064 3610 1183 3695; x_wconf 89' lang='lat' dir='ltr'>impro-</span> 
     </span>
     <span class='ocr_line' id='line_1_28' title="bbox 174 3733 1184 3824; baseline 0.001 -24"><span class='ocrx_word' id='word_1_200' title='bbox 174 3739 246 3817; x_wconf 88' lang='lat' dir='ltr'>bos,</span> <span class='ocrx_word' id='word_1_201' title='bbox 257 3738 349 3803; x_wconf 87' lang='lat' dir='ltr'>velte</span> <span class='ocrx_word' id='word_1_202' title='bbox 359 3738 670 3808; x_wconf 72' lang='lat' dir='ltr'>uleiseilacessitust</span> <span class='ocrx_word' id='word_1_203' title='bbox 688 3740 764 3824; x_wconf 84' lang='lat' dir='ltr'>Age</span> <span class='ocrx_word' id='word_1_204' title='bbox 776 3759 866 3814; x_wconf 91' lang='lat' dir='ltr'>vero,</span> <span class='ocrx_word' id='word_1_205' title='bbox 879 3757 921 3797; x_wconf 87' lang='lat' dir='ltr'>ne</span> <span class='ocrx_word' id='word_1_206' title='bbox 930 3756 1057 3819; x_wconf 84' lang='lat' dir='ltr'>semper</span> <span class='ocrx_word' id='word_1_207' title='bbox 1064 3733 1184 3818; x_wconf 86' lang='lat' dir='ltr'>forum,</span> 
     </span>
     <span class='ocr_line' id='line_1_29' title="bbox 114 3855 1185 3943; baseline -0.001 -21"><span class='ocrx_word' id='word_1_208' title='bbox 114 3855 120 3864; x_wconf 84' lang='lat'>&#39;</span> <span class='ocrx_word' id='word_1_209' title='bbox 175 3858 338 3937; x_wconf 87' lang='lat' dir='ltr'>subsellia,</span> <span class='ocrx_word' id='word_1_210' title='bbox 355 3871 473 3939; x_wconf 84' lang='lat' dir='ltr'>rostra,</span> <span class='ocrx_word' id='word_1_211' title='bbox 496 3861 682 3943; x_wconf 85' lang='lat' dir='ltr'>curiamque</span> <span class='ocrx_word' id='word_1_212' title='bbox 696 3858 871 3934; x_wconf 88' lang='lat' dir='ltr'>meditere,</span> <span class='ocrx_word' id='word_1_213' title='bbox 897 3856 1060 3938; x_wconf 89' lang='lat' dir='ltr'>quidesse</span> <span class='ocrx_word' id='word_1_214' title='bbox 1077 3872 1185 3943; x_wconf 85' lang='lat' dir='ltr'>potest</span> 
     </span>
     <span class='ocr_line' id='line_1_30' title="bbox 1148 3981 1186 4045; baseline 0.026 -1"><span class='ocrx_word' id='word_1_215' title='bbox 1148 3981 1186 4045; x_wconf 89' lang='lat' dir='ltr'>in</span> 
     </span>
    </p>

    <p class='ocr_par' dir='ltr' id='par_1_6' title="bbox 172 4105 1189 4275">
     <span class='ocr_line' id='line_1_31' title="bbox 207 4105 1189 4171; baseline -0.007 -10"><span class='ocrx_word' id='word_1_216' title='bbox 207 4110 220 4136; x_wconf 73' lang='lat'><strong><em>⁴</em></strong></span> <span class='ocrx_word' id='word_1_217' title='bbox 233 4110 450 4164; x_wconf 68' lang='lat' dir='ltr'>Retinerehmninee</span> <span class='ocrx_word' id='word_1_218' title='bbox 459 4112 591 4164; x_wconf 77' lang='lat' dir='ltr'>incivitate.</span> <span class='ocrx_word' id='word_1_219' title='bbox 620 4111 667 4160; x_wconf 89' lang='lat' dir='ltr'>See</span> <span class='ocrx_word' id='word_1_220' title='bbox 676 4110 718 4160; x_wconf 88' lang='lat' dir='ltr'>his</span> <span class='ocrx_word' id='word_1_221' title='bbox 726 4110 822 4164; x_wconf 71' lang='lat' dir='ltr'>oration</span> <span class='ocrx_word' id='word_1_222' title='bbox 833 4106 951 4167; x_wconf 82' lang='lat' dir='ltr'>forMilo‚</span> <span class='ocrx_word' id='word_1_223' title='bbox 961 4110 1046 4162; x_wconf 87' lang='lat' dir='ltr'>where</span> <span class='ocrx_word' id='word_1_224' title='bbox 1054 4110 1085 4157; x_wconf 89' lang='lat' dir='ltr'>he</span> <span class='ocrx_word' id='word_1_225' title='bbox 1096 4105 1189 4171; x_wconf 83' lang='lat' dir='ltr'>spplies</span> 
     </span>
     <span class='ocr_line' id='line_1_32' title="bbox 172 4202 1189 4275; baseline -0.009 -14"><span class='ocrx_word' id='word_1_226' title='bbox 172 4209 216 4261; x_wconf 86' lang='lat' dir='ltr'>the</span> <span class='ocrx_word' id='word_1_227' title='bbox 227 4222 295 4258; x_wconf 80' lang='lat' dir='ltr'>same</span> <span class='ocrx_word' id='word_1_228' title='bbox 304 4214 393 4275; x_wconf 82' lang='lat' dir='ltr'>phrase</span> <span class='ocrx_word' id='word_1_229' title='bbox 402 4211 729 4261; x_wconf 79' lang='lat' dir='ltr'>toMilo’se‘rrcumstanees.</span> <span class='ocrx_word' id='word_1_230' title='bbox 758 4202 1189 4268; x_wconf 78' lang='lat' dir='ltr'>TheRomanswereverydelicate</span> 
     </span>
    </p>
   </div>
   <div class='ocr_carea' id='block_1_6' title="bbox 173 4302 1186 4465">
    <p class='ocr_par' dir='ltr' id='par_1_7' title="bbox 173 4302 1186 4465">
     <span class='ocr_line' id='line_1_33' title="bbox 173 4302 1186 4379; baseline -0.008 -18"><span class='ocrx_word' id='word_1_231' title='bbox 173 4313 201 4361; x_wconf 88' lang='lat' dir='ltr'>in</span> <span class='ocrx_word' id='word_1_232' title='bbox 214 4309 335 4378; x_wconf 82' lang='lat' dir='ltr'>speaking</span> <span class='ocrx_word' id='word_1_233' title='bbox 344 4314 375 4363; x_wconf 83' lang='lat' dir='ltr'>of</span> <span class='ocrx_word' id='word_1_234' title='bbox 384 4315 566 4379; x_wconf 81' lang='lat' dir='ltr'>punishmente,</span> <span class='ocrx_word' id='word_1_235' title='bbox 587 4311 637 4362; x_wconf 83' lang='lat' dir='ltr'>and</span> <span class='ocrx_word' id='word_1_236' title='bbox 649 4309 747 4363; x_wconf 84' lang='lat' dir='ltr'>wished</span> <span class='ocrx_word' id='word_1_237' title='bbox 757 4322 784 4361; x_wconf 91' lang='lat' dir='ltr'>to</span> <span class='ocrx_word' id='word_1_238' title='bbox 794 4306 876 4361; x_wconf 85' lang='lat' dir='ltr'>soften</span> <span class='ocrx_word' id='word_1_239' title='bbox 886 4311 928 4359; x_wconf 80' lang='lat' dir='ltr'>the</span> <span class='ocrx_word' id='word_1_240' title='bbox 939 4320 1025 4362; x_wconf 76' lang='lat' dir='ltr'>ternu,</span> <span class='ocrx_word' id='word_1_241' title='bbox 1041 4305 1118 4355; x_wconf 80' lang='lat' dir='ltr'>when</span> <span class='ocrx_word' id='word_1_242' title='bbox 1128 4302 1186 4368; x_wconf 72' lang='lat' dir='ltr'>they</span> 
     </span>
     <span class='ocr_line' id='line_1_34' title="bbox 177 4409 499 4465; baseline 0 -5"><span class='ocrx_word' id='word_1_243' title='bbox 177 4409 253 4461; x_wconf 75' lang='lat' dir='ltr'>made</span> <span class='ocrx_word' id='word_1_244' title='bbox 262 4415 376 4465; x_wconf 86' lang='lat' dir='ltr'>mention</span> <span class='ocrx_word' id='word_1_245' title='bbox 386 4411 416 4462; x_wconf 86' lang='lat' dir='ltr'>of</span> <span class='ocrx_word' id='word_1_246' title='bbox 421 4413 499 4463; x_wconf 83' lang='lat' dir='ltr'>them.</span> 
     </span>
    </p>
   </div>
   <div class='ocr_carea' id='block_1_7' title="bbox 0 0 1377 4950">
    <p class='ocr_par' dir='ltr' id='par_1_8' title="bbox 0 0 1377 4950">
     <span class='ocr_line' id='line_1_35' title="bbox 0 0 1377 4950; baseline 0 0"><span class='ocrx_word' id='word_1_247' title='bbox 0 0 1377 4950; x_wconf 95' lang='lat' dir='ltr'> </span> 
     </span>
    </p>
   </div>
  </div>
 </body>
</html>
