2742 4950
510 358 883 427 L1s121029.
1145 381 1185 444 61

187 528 269 604 nia3
290 548 351 591 nec
363 522 465 613 magis
479 528 521 605 ad
534 548 590 591 eos
631 529 852 608 deterrendos,
878 530 934 613 qui
955 548 1021 594 non
1044 551 1188 623 possent,

186 670 286 739 quam
294 650 333 729 ad
344 670 415 730 vos,
428 651 483 740 qui
495 652 646 737 possetis,
658 653 863 717 exacuendos
886 657 1130 721 accommodavi
1150 681 1187 721 o-

183 786 345 845 rationem
355 791 474 845 mesni·
532 780 576 841 lit
602 800 799 863 quamquam
822 778 857 840 in
880 792 1015 862 utroque
1042 797 1187 850 vestmm

184 918 350 971 summum
375 922 448 965 esse
475 901 642 987 ingenium
666 904 874 991 studiumque
889 904 1056 986 perspexi3
1078 919 1191 985 tamen¹

184 1013 1189 1110 heroquaesuntinspsciepositmdequibusplurafortassedixi,

183 1166 279 1231 quam
292 1148 397 1215 soient
411 1149 654 1222 exarescere,
670 1146 705 1206 in
727 1159 773 1221 te,
798 1145 928 1227 Sulpici,
955 1146 1067 1210 divina
1100 1122 1185 1208 sint.

180 1273 255 1357 Ego
266 1276 356 1339 enim
369 1275 540 1337 neminem
551 1292 616 1333 nec
622 1260 713 1332 motu
725 1268 879 1350 corporis,
900 1253 1005 1356 neque
1032 1270 1103 1353 ipso
1127 1272 1183 1335 ha·

177 1399 253 1463 bitu
267 1406 364 1487 atque
377 1398 482 1460 forma
494 1397 730 1480 aptiorem,nec
741 1413 821 1457 voce
834 1393 1014 1476 pleniorem
1027 1409 1097 1457 saut
1114 1415 1186 1458 sua·
1199 1466 1202 1471 ,
1250 1434 1252 1438 -

177 1520 309 1584 viorem
323 1522 404 1584 mihi
417 1522 532 1586 videor
547 1502 676 1583 audisse
694 1544 703 1591 ;
725 1541 794 1606 quae
809 1517 925 1606 quibus
940 1539 960 1580 a
984 1531 1097 1580 natura
1123 1517 1184 1580 mi·

177 1670 258 1711 nora
271 1648 347 1711 data
359 1651 445 1727 sunt,
457 1660 567 1710 temen
579 1645 660 1706 illud
673 1642 800 1731 assequi
811 1655 957 1725 possunt,
979 1658 1015 1706 ut
1040 1642 1091 1720 iis,
1118 1663 1182 1731 que

177 1773 324 1851 habeant,
332 1770 460 1835 modice
474 1781 506 1834 et
520 1766 661 1829 scienter
673 1777 849 1841 utantur,et
860 1779 944 1829 utne
957 1768 1133 1831 dedeceat:
1148 1762 1184 1825 id

181 1891 270 1958 enim
278 1908 327 1958 est
339 1888 672 1965 maximevitandum,
684 1900 718 1952 et
733 1886 773 1948 de
796 1884 860 1948 hoc
884 1905 951 1948 uno
976 1883 1111 1946 minime
1134 1861 1185 1942 esi

179 2015 273 2085 facile
286 2017 551 2112 praeciperem&
564 2008 646 2074 mihi
657 2008 772 2084 modo,
786 2006 841 2095 qui
864 2004 950 2067 sieut
971 1995 1057 2066 unus
1077 2013 1182 2084 pater·

177 2135 320 2204 familias
330 2139 383 2202 his
396 2139 438 2200 de
446 2131 675 2211 rebusloquor,
690 2128 748 2191 sed
761 2124 861 2188 etiam
885 2122 947 2206 ipsi
974 2122 1022 2184 illi
1046 2118 1181 2194 Roscio,

82 2332 84 2337 ,
178 2288 282 2356 quem
293 2286 371 2348 sape
380 2258 476 2325 audio
486 2256 606 2332 dicere,
617 2256 725 2338 Caput
734 2275 803 2317 esse
820 2250 911 2327 artis,
924 2234 1031 2311 decere
1043 2247 1082 2310 s*
1094 2246 1182 2336 quod

176 2377 289 2451 tamen
304 2402 404 2446 unum
417 2379 451 2444 id
462 2398 546 2458 esse,
559 2378 647 2466 quod
654 2376 740 2440 tradi
754 2388 822 2445 arte
845 2393 911 2436 non
931 2369 1043 2456 possin
1100 2369 1177 2445 Sed,

178 2509 208 2571 si
221 2508 533 2591 placet,·sermonem
545 2498 610 2561 alio
634 2496 878 2570 transieramus,
907 2507 940 2553 et
955 2504 1069 2554 ,nostro
1090 2508 1181 2553 more

178 2629 361 2719 aliquando,
371 2645 437 2687 non
447 2620 626 2693 rhetorico,
634 2617 818 2703 loquamur.
864 2609 1005 2674 Minime
1018 2633 1107 2691 vero,
1132 2610 1180 2671 in-

176 2754 247 2843 quit
259 2752 378 2815 Cotta:
398 2763 490 2804 nunc
507 2739 596 2802 enim
620 2748 651 2800 te
671 2736 743 2821 jam
766 2753 945 2813 exoremus,
971 2754 1104 2806 necesse
1130 2746 1181 2797 est

174 2872 349 2967 (quoniam
361 2864 482 2929 retines
494 2882 554 2924 nos
566 2855 667 2923 inhoc
678 2858 798 2938 studio,
809 2875 868 2924 nec
878 2861 920 2925 ad
932 2858 1029 2923 aliam
1038 2856 1178 2942 dimittis
1245 2900 1248 2906 -

106 2999 109 3006 ’
173 2994 295 3078 artem)
308 3007 343 3055 ut
353 2988 448 3053 nobis
460 2982 623 3069 explices,
626 2980 780 3072 quicquid
793 2993 843 3044 est
855 2980 954 3057 istud,
973 2982 1060 3069 quod
1085 2991 1122 3040 tu
1145 2977 1179 3039 in

177 3118 316 3182 dicendo
328 3126 445 3196 potes:
481 3125 586 3193 neque
612 3104 700 3168 enim
724 3121 835 3164 sumus
855 3097 955 3158 nimis
979 3094 1091 3166 avidi;
1115 3094 1179 3156 ista

177 3233 400 3336 tuamediocri
413 3227 597 3320 eloquentia
622 3222 769 3289 contenti
788 3238 927 3290 sumus3
960 3216 1057 3306 idque
1081 3225 1177 3280 exte

73 3415 78 3420 ,
174 3359 350 3455 quaerimus
370 3363 483 3445 (utne
503 3350 576 3435 plus
598 3368 669 3410 nos
680 3360 901 3432 assequamur,
922 3360 1019 3429 quam
1042 3350 1177 3429 quantu

172 3492 245 3553 lum
258 3496 295 3546 tu
308 3476 490 3544 indicendo
502 3452 666 3539 assecutus
674 3467 742 3551 es)
752 3467 915 3557 quoniam,
939 3485 1008 3555 quae
1023 3477 1174 3528 anatum

174 3598 354 3693 expetenda
366 3615 451 3681 sunt
462 3623 502 3665 ea
513 3599 596 3665 dreis
621 3616 687 3661 non
711 3589 811 3658 nimis
837 3594 949 3659 deesse
967 3586 1073 3666 nobis,
1097 3570 1177 3675 quid

172 3744 329 3817 praterea
338 3749 408 3795 esse
417 3723 649 3790 assumendum
659 3712 753 3807 putes
768 3717 780 3780 i

1033 3834 1047 3911 l
1062 3829 1171 3898 XXX.

204 4069 493 4135 ’lnsllundertskings
504 4066 558 4120 sard
567 4065 723 4120 theomenes
733 4060 767 4110 let
787 4072 817 4109 us
836 4054 945 4112 rscr'dice
967 4062 994 4103 to
1018 4054 1060 4102 the
1080 4051 1181 4128 Graece.

169 4171 337 4236 itisbccauee
346 4185 403 4246 they
414 4175 539 4273 sacrifioed
549 4176 626 4225 rothe
636 4174 737 4230 Gracco,
747 4166 874 4222 tnattaeir
882 4162 994 4228 weitings
1000 4140 1136 4212 liarebecn
1152 4156 1178 4204 in

167 4293 264 4358 lasting
273 4300 372 4342 eiteem.
