2742 4950
178 426 286 507 ,150
342 396 345 399 ⁵
523 414 954 482 DnOaaronn

217 591 337 678 poliam
350 598 443 667 atque
458 583 630 683 conficiam
652 566 825 674 (quantum
848 603 1039 668 consequar,
1066 600 1130 673 vos
1145 586 1231 672 judi·

217 703 358 787 cableia)
370 704 489 787 quibus
503 724 546 766 ex
556 703 640 767 locis
649 705 691 766 ad
705 725 758 767 eas
766 717 832 765 tres
839 722 903 781 res,
911 723 982 784 quae
993 704 1035 767 ad
1042 705 1147 768 fidem
1159 704 1232 769 faci·

214 820 855 910 endamsolevalent,ducaturoratio,ut
864 833 896 882 et
904 821 1123 884 concilientur
1131 827 1237 889 animi

215 963 249 1012 et
256 950 437 1013 doceantur
446 961 478 1011 et
488 962 693 1014 moveantur:
703 949 774 1012 haec
784 925 1188 1022 suntenimtrianumer03
1199 971 1239 1013 ea

214 1092 297 1136 vero
311 1074 592 1156 quemadmodum
605 1072 816 1150 illustrentur,
829 1085 949 1156 praesto
964 1085 1024 1150 est,
1037 1071 1094 1155 qui
1116 1070 1238 1139 omnes

216 1203 333 1266 docere
345 1201 461 1285 possit,
475 1204 531 1285 qui
543 1204 605 1265 hoe
616 1202 742 1286 primus
756 1201 791 1262 in
797 1213 924 1262 nostros
950 1220 1059 1264 mores
1087 1194 1240 1274 induxit,

215 1320 271 1403 qui
283 1319 424 1385 maxime
440 1320 542 1401 auxit,
556 1321 613 1404 qui
628 1322 717 1384 solus
730 1321 850 1384 effecit.
897 1321 1051 1403 Namque
1064 1341 1141 1405 ego,
1160 1320 1241 1382 Cat-

216 1444 270 1505 ule
283 1443 408 1534 (dicam
420 1442 508 1507 enim
517 1464 583 1504 non
595 1463 749 1506 reverens
769 1444 958 1506 assentandi
983 1442 1238 1527 suspicionem)

213 1540 378 1633 nemiuem
393 1586 464 1629 esse
478 1579 643 1627 oratorem
655 1563 752 1648 paulo
764 1562 975 1627 illustriorem
1000 1563 1158 1644 arbitror,
1186 1585 1241 1626 ne·

213 1706 278 1769 que
290 1686 445 1752 Graecum
455 1706 560 1767 neque
573 1686 743 1766 Latinum,
757 1708 857 1768 quem
878 1701 951 1750 etas
973 1700 1086 1749 nostra
1111 1687 1243 1765 tulerit,

217 1829 315 1891 quem
326 1829 393 1870 non
404 1821 436 1873 et
448 1828 533 1892 saepe
560 1823 593 1873 et
619 1807 794 1894 diligenter
813 1807 990 1872 audierim.
1052 1811 1189 1893 Itaque,
1215 1813 1242 1874 si

217 1929 324 2011 quid*
336 1930 430 1993 estin
443 1951 511 2010 me,
522 1931 611 2012 quod
619 1929 691 2015 jam
703 1949 830 2014 sperare
843 1930 970 2025 videor,
982 1930 1142 2014 quoniam
1166 1928 1241 2014 qui·
1333 1914 1336 1929 ¹

214 2054 293 2115 dem
307 2073 378 2129 vos,
392 2054 443 2114 his
459 2052 602 2136 ingeniis
617 2053 782 2134 homines,
805 2067 931 2117 tantum
956 2031 1060 2137 operae
1087 2052 1176 2115 mihi
1200 2052 1242 2115 ad

215 2165 417 2228 audiendum
433 2167 531 2246 datis,
540 2193 581 2234 ex
594 2192 633 2232 eo
649 2187 710 2252 est,
734 2176 824 2256 quod
850 2175 933 2239 nihil
959 2165 1139 2258 quisquam
1167 2195 1238 2236 um·

216 2311 314 2376 quam
327 2310 382 2351 me
395 2287 547 2353 audiente
567 2290 636 2373 egit
659 2305 781 2368 orator,
807 2296 896 2374 quod
922 2316 989 2357 non
1015 2296 1050 2356 in
1077 2294 1240 2359 memoria

196 2450 200 2457 ·
217 2432 293 2479 mea
314 2408 445 2496 penitus
466 2406 650 2471 insederit..
679 2405 793 2489 Atque
805 2427 866 2491 ego
879 2408 907 2469 is
933 2409 1007 2498 (qui
1021 2430 1110 2491 sum,
1138 2433 1239 2496 quam-

218 2551 414 2614 tuscumque
429 2551 502 2593 sum
516 2532 557 2593 ad
569 2528 812 2614 judicandum)
837 2528 988 2622 omnibus
1009 2530 1138 2593 auditis
1166 2552 1241 2596 ora·

217 2660 355 2732 toribus,
369 2659 439 2719 sine
453 2654 521 2716 ulla
532 2653 735 2718 dubitatione
749 2657 797 2719 sio
811 2633 919 2719 ‘statuo
933 2668 966 2720 et
976 2654 1106 2741 judico,
1129 2656 1239 2720 nemi·

216 2805 293 2846 nem
308 2784 455 2846 omnium
466 2794 516 2845 tot
526 2793 559 2844 et
571 2795 673 2864 tanta,
688 2800 810 2868 quanta
822 2799 898 2848 sunt
920 2786 953 2847 in
978 2783 1114 2865 Crasso,
1135 2784 1241 2847 habu·

217 2901 282 2962 isse
296 2912 488 2962 ornamenta
500 2898 643 2961 dicendi.
701 2902 938 2982 Quamobrem,
963 2905 1074 2966 sivos
1109 2923 1238 2986 quoque

217 3019 280 3083 lioe
294 3017 382 3082 idem
396 3016 604 3095 existimatis,
616 3040 682 3083 non
697 3028 771 3100 erit,
790 3036 827 3084 ut
852 3021 979 3106 opinor,
1005 3019 1123 3102 iniqua
1144 3016 1240 3103 parti·

179 3213 183 3219 ,
219 3143 279 3222 tio,
291 3143 320 3206 si
333 3164 408 3206 eum
420 3164 483 3228 ego
495 3141 581 3205 hunc
592 3154 768 3223 oratorem,
782 3164 881 3226 quem
891 3164 976 3208 nunc
991 3140 1094 3226 fingo,
1122 3153 1161 3203 ut
1190 3139 1236 3200 in·

221 3271 325 3349 stitui,
340 3290 465 3349 crearo,
477 3271 598 3345 aluero,
615 3271 821 3349 confirmem,
833 3270 960 3333 tradam
974 3288 1050 3336 eum
1068 3266 1194 3330 Crasso
1206 3274 1237 3322 et

218 3392 427 3455 vestiendum
438 3405 472 3453 et
482 3393 676 3455 ornandum.
723 3394 815 3457 Tum
831 3392 981 3471 Crassus,
994 3394 1051 3456 Tu
1070 3390 1165 3467 vero,
1192 3384 1236 3445 in·

137 3593 141 3600 ν
220 3514 302 3597 quit,
314 3509 454 3588 Antoni,
466 3530 577 3595 perge,
588 3522 626 3573 ut
639 3509 810 3573 instituisti
826 3534 835 3571 ε
858 3495 1070 3592 nequeenim
1080 3517 1132 3568 est
1160 3495 1232 3563 boni

219 3632 477 3719 nequeliberalis
502 3634 658 3716 parentis,
684 3654 783 3716 quem
807 3630 989 3715 procrearit
1011 3641 1044 3691 et
1071 3621 1232 3697 eduxerit,
1274 3679 1279 3693 ,

219 3781 295 3821 eum
305 3779 372 3822 non
381 3770 414 3820 et
426 3756 545 3821 vestire
560 3772 593 3821 et
605 3778 720 3838 ornare
737 3782 750 3829 ;·
780 3755 959 3839 prasertim
986 3772 1061 3815 eum
1087 3763 1122 3812 te
1143 3747 1232 3809 locu·

217 3879 340 3965 pletem
351 3900 421 3943 esse
434 3900 554 3964 negare
568 3900 634 3941 non
646 3876 763 3962 possis.
823 3872 924 3949 Quod
949 3873 1039 3937 enim
1062 3885 1232 3934 ornamen·
1358 3917 1359 3960 ,

218 4017 304 4074 tum,
315 4022 387 4084 quae
399 3987 462 4081 vis,
477 4002 532 4085 qui
545 4001 685 4078 animus,
697 4019 773 4083 quae
788 3995 931 4081 dignitas
953 3994 1003 4057 illi
1028 3988 1150 4056 oratori
1174 3985 1228 4047 de·
1358 3983 1359 3988 ’

219 4129 295 4209 fuit,
321 4127 377 4212 qui
406 4129 440 4194 in
467 4150 583 4194 caussa
607 4128 789 4212 peroranda
811 4144 877 4189 non
903 4112 1065 4216 dubitavit
1086 4118 1226 4185 excitare

1139 4252 1227 4307 reum

247 4431 260 4458 ’
279 4432 310 4480 Si
317 4431 372 4495 quid
380 4434 444 4482 estin
455 4448 496 4484 me
507 4450 517 4485 ί
530 4426 550 4474 Sl
559 4427 616 4492 quid
625 4428 725 4491 ingenii·
812 4414 818 4424 ο
