2742 4950
18 3369 20 3468 i

19 3495 21 3610 p

186 416 249 474 ηρ
484 391 916 469 Duonsronr

187 596 258 639 csse
284 573 347 633 hoc
370 562 536 647 quoddam
572 580 638 622 non
659 555 820 625 dissimile
837 569 1067 631 exterorum
1098 556 1206 641 cuju..

189 692 307 761 modi*
321 690 361 753 de
371 687 443 771 ipso
451 687 526 771 jure
540 681 631 746 civili
654 682 806 746 hesterno
815 677 868 743 die
881 675 1021 741 Crassus
1048 670 1207 761 componi

183 832 276 900 posse
290 807 424 872 dicebat
439 833 447 881 ;
471 818 510 868 ut
522 823 643 891 genera
650 821 761 866 rerum
774 799 915 885 primum
928 809 1183 881 exponerentur
1197 818 1210 866 t

183 934 218 998 in
229 951 296 1016 quo
309 930 431 993 vitium
442 942 503 1005 est,
516 928 545 989 si
556 946 658 1012 genus
672 922 776 985 ullum
796 919 1080 1004 praetermittatur:
1110 916 1212 981 dein·

186 1056 228 1121 de
242 1054 447 1138 singulorum
461 1070 618 1137 generum
633 1061 763 1132 partes;
802 1045 837 1106 in
858 1066 924 1128 quo
948 1059 981 1110 et
1001 1047 1118 1111 deesse
1149 1041 1214 1106 ali-

188 1192 289 1257 quam
298 1186 425 1255 partem
433 1185 466 1234 et
490 1188 655 1252 superare,
681 1166 877 1230 mendosum
900 1178 974 1242 est3
995 1179 1066 1230 tum
1086 1164 1214 1229 verbo.

188 1313 264 1356 rum
277 1291 426 1354 omnium
439 1289 648 1354 definitiones
664 1313 673 1360 3
689 1287 723 1348 in
737 1285 857 1369 quibus
867 1306 973 1368 neque
987 1287 1097 1351 abesse
1112 1282 1216 1368 quid·

190 1437 291 1499 quam
305 1418 415 1491 decet,
427 1434 533 1497 neque
547 1411 745 1477 redundare.

236 1654 251 1729 t
276 1655 350 1719 XX.
397 1652 463 1713 Sed
476 1648 577 1711 hocsi
592 1650 627 1710 in
634 1650 713 1733 jure
736 1650 839 1728 civili,
866 1651 1014 1747 sixetiam
1035 1652 1070 1713 in
1097 1653 1216 1733 parvis

191 1786 248 1838 sut
261 1770 484 1837 mediocribus
507 1771 604 1833 rebus
631 1767 797 1833 doctiores
824 1770 953 1852 assequi
969 1784 1119 1854 possunt,
1146 1792 1240 1834 non*
1271 1774 1274 1779 ’

194 1900 286 1963 idem
299 1868 406 1961 sentio
418 1910 509 1960 tanta
518 1894 581 1958 hac
595 1893 685 1971 inre,
695 1900 828 1973 tamque
841 1890 1003 1956 immensa
1028 1900 1128 1978 posse
1158 1896 1218 1961 fie-
1238 1920 1242 1933 ·

193 2025 248 2086 ri:
273 2025 324 2087 sin
338 2035 449 2085 autem
463 2022 519 2105 qui
532 2020 741 2093 arbitrantur,
765 2017 950 2082 deducendi
975 2032 1050 2082 sunt
1071 2021 1115 2083 ad
1141 2040 1217 2099 eos,

193 2145 249 2224 qui
263 2144 329 2209 haec
345 2146 473 2206 docent.
521 2144 645 2207 Omnia
647 2147 721 2229 jam
742 2144 904 2228 explicata
928 2157 962 2206 et
984 2145 1146 2228 perpolita
1166 2162 1219 2207 as·

193 2277 372 2347 sequentur
386 2291 396 2340 ;
419 2276 494 2327 sunt
507 2264 596 2327 enim
610 2266 868 2329 innumerabiles
880 2270 922 2331 de
934 2268 985 2330 his
1010 2269 1109 2333 rebus
1128 2267 1221 2346 libri,

194 2401 299 2464 neque
314 2381 418 2447 abditi
428 2402 533 2464 neque
546 2380 689 2442 obscuri.
736 2380 802 2443 S'ed
815 2380 951 2444 videant
980 2384 1060 2464 quid
1086 2386 1220 2459 velint;

198 2504 488 2584 adludendumne,
498 2526 541 2570 au
551 2506 593 2567 ad
605 2502 816 2588 pugnandum
827 2520 918 2564 arma
953 2501 1019 2564 sint
1040 2511 1213 2571 sumturi:

200 2628 292 2694 aliud
306 2629 395 2692 enim
406 2650 516 2714 pugna
528 2643 561 2694 et
575 2626 682 2698 acies3
704 2623 793 2688 aliud
802 2624 901 2688 ludus
915 2644 1113 2709 campusque
1138 2644 1219 2688 nos·

200 2762 251 2828 ter
265 2747 467 2825 desiderat.†
532 2747 692 2808 Attamen
704 2764 755 2806 ars
767 2743 838 2827 ipsa
856 2743 984 2810 ludicra
1003 2766 1173 2809 armorum
1188 2756 1224 2807 et

199 2862 373 2948 gladiatori
385 2877 418 2924 et
432 2862 532 2925 militi
544 2861 681 2951 prodest
694 2859 819 2944 aliquid
835 2886 844 2936 3
868 2864 928 2926 sed
939 2863 1066 2927 animus
1084 2886 1160 2930 acer
1187 2876 1220 2926 et

199 2996 390 3067 presens,et
406 2995 519 3047 acutus
542 2975 630 3048 idem
658 2995 754 3065 atque
781 2995 944 3063 versutus,
963 2983 1105 3047 invictos
1130 2984 1221 3049 viros

201 3104 310 3183 efficit,
321 3126 388 3168 non
401 3105 565 3170 difficilius
591 3117 660 3169 arte
687 3089 869 3191 conjuncta.
929 3104 1040 3180 Quare
1065 3126 1130 3189 ego
1158 3103 1220 3170 tibi

204 3239 370 3291 oratorem
383 3224 430 3288 sic
439 3225 510 3312 jam
524 3223 705 3304 instituam,
717 3222 745 3288 si
757 3238 906 3309 potuero,
931 3238 969 3288 ut
989 3225 1071 3307 quid
1089 3226 1218 3290 efficere

201 3349 319 3433 possit,
333 3362 407 3410 ante
416 3348 621 3431 perspiciam.
670 3348 723 3412 Sit
735 3350 824 3413 enim
837 3349 920 3444 mihi
938 3348 1061 3414 tinctus
1084 3347 1193 3428 literis
1207 3373 1216 3422 ς

174 3521 185 3550 ,
206 3468 349 3536 audierit
362 3467 499 3549 aliquid,
512 3468 644 3551 legerit,
660 3469 724 3534 ista
750 3471 821 3555 ipsa
844 3487 1011 3557 praecepta
1037 3476 1218 3560 acceperit:

204 3593 349 3671 tentabo,
359 3590 439 3675 quid
452 3589 579 3680 deceat,
589 3590 671 3672 quid
683 3612 778 3673 voce,
791 3591 1016 3674 quidviribus,
1029 3596 1109 3677 quid
1134 3596 1219 3679 spir·

1156 3718 1220 3798 itu,

236 3988 249 4015 '
260 3987 396 4059 Crcjurmodi
407 3992 429 4040 is
439 3998 563 4058 govemed
570 4000 606 4064 by.⁸
613 4000 745 4067 artificium
755 3995 912 4064 understood.

214 4157 219 4164 .
235 4084 251 4156 'p
262 4084 333 4136 Aliud
340 4089 407 4141 enim
412 4098 492 4157 pugno
502 4106 524 4144 et
532 4097 595 4148 acies
609 4098 655 4163 (sc.
667 4095 788 4154 desideret
795 4096 818 4161 t)
831 4093 899 4146 aliud
905 4095 974 4148 ludus
984 4106 1125 4165 samque
1145 4108 1216 4148 norm

203 4189 324 4244 &sidem
359 4194 385 4242 A
397 4211 452 4274 nar
463 4200 536 4250 anda
547 4204 623 4254 battle
633 4207 726 4270 require
735 4222 781 4258 one
790 4206 861 4271 thing
872 4224 878 4264 t
910 4222 926 4262 a
947 4204 1048 4271 fencing
1068 4204 1152 4262 school
1169 4190 1217 4255 md

207 4303 253 4346 eur
260 4296 376 4364 Campus
386 4299 495 4351 Martius
505 4305 598 4370 require
608 4297 717 4359 another.
