2742 4950
503 426 865 492 Lrsnn1.9.
1148 444 1188 498 st

173 599 384 684 compulsum
394 593 520 680 potius,
531 614 630 676 quam
642 594 841 658 disertorum
849 595 995 659 oratione
1004 596 1196 681 delinitum,

175 751 215 792 se
227 722 355 809 oppidis
369 718 593 799 moenibusque
607 715 772 800 sepsisse?
796 732 852 782 aut
862 739 940 782 vero
950 718 1091 803 reliquas
1102 725 1190 789 utili·

172 858 272 923 tates,
297 855 353 905 aut
367 840 401 902 in
414 836 638 914 instituendis,
665 849 722 899 aut
746 839 977 901 conservandis
991 838 1191 923 civitatibus,

170 986 242 1029 non
257 986 277 1026 a
288 962 487 1048 sapientibus
500 938 533 1023 et
544 958 683 1022 fortibus
692 955 785 1036 viris,
797 960 861 1023 sed·
869 980 888 1022 a
896 960 1027 1026 disertis
1037 974 1070 1026 et
1076 978 1191 1028 ornate

174 1086 365 1153 dicentibus
387 1107 457 1150 esse
482 1079 697 1144 constitutas?
723 1080 780 1142 An
791 1101 871 1145 vero
884 1081 945 1144 tihi
960 1082 1121 1147 Romulus
1135 1085 1187 1151 ille

176 1223 235 1273 aut
260 1222 407 1293 pastores
433 1218 468 1268 et
489 1223 652 1267 convenas
675 1221 907 1287 congregasse,¹
926 1218 981 1268 aut
997 1205 1193 1271 Sabinorum

176 1335 350 1399 connubia
362 1329 576 1414 conjunxisse,
600 1338 657 1389 aut
679 1323 894 1389 finitimorum
917 1327 986 1391 vim
999 1331 1197 1414 repressisse

179 1454 368 1537 eloquentia
379 1442 522 1530 videtur,
544 1471 612 1513 non
625 1450 764 1512 consilio
777 1463 810 1515 et
823 1451 982 1534 sapientia
1003 1453 1159 1539 singulari
1173 1456 1185 1516 ἰ

179 1581 275 1658 Quid
286 1580 396 1644 enim?
410 1579 445 1640 in
454 1579 570 1641 Numa
578 1573 764 1658 Pompili03
778 1576 875 1658 quid?
890 1574 1049 1643 inservio
1058 1580 1170 1644 Tullio
1178 1607 1189 1655 ς

178 1706 281 1790 quid?
305 1704 340 1768 in
358 1686 486 1770 caeteris
499 1700 646 1786 regibus,
658 1718 799 1781 quorum
810 1702 915 1765 multa
926 1717 1003 1769 sunt
1014 1705 1136 1770 eximia
1148 1706 1188 1770 ad

176 1827 439 1894 constituendam
466 1823 737 1910 Rempubhcam,
769 1846 849 1887 num
875 1826 965 1908 quod
996 1823 1193 1910 eloquentia

171 1914 361 2034 vestigium
384 1947 541 2030 apparet?
577 1943 702 2020 Quid?
735 1943 859 2033 exactis
885 1942 1017 2026 regibus
1043 1932 1191 2033 (tainetsi

177 2073 287 2158 ipsam
299 2072 508 2137 exactionem
519 2081 641 2147 mente,
651 2088 720 2129 non
730 2065 844 2150 lingua
852 2065 1030 2150 perfectam
1041 2065 1082 2129 L.
1097 2065 1191 2131 Bruti

180 2213 255 2259 csse
269 2190 461 2275 cernimus)
484 2191 542 2256 sed
556 2190 709 2275 deinceps
724 2190 846 2270 omnia,
870 2208 979 2253 nonne
998 2189 1093 2273 plena
1115 2213 1189 2255 con·

185 2310 353 2387 siliorum,·
360 2300 468 2373 inania
479 2312 654 2377 verborum
664 2310 841 2401 videmus?
866 2310 939 2396 Ego
950 2330 1041 2390 vero,
1054 2308 1082 2372 si
1093 2310 1197 2375 velim

180 2446 214 2498 ct
226 2445 347 2497 nostrae
359 2431 500 2498 civitatis
513 2433 673 2517 exemplis
682 2432 731 2499 uti
743 2433 934 2512 ceniarum,
944 2432 1038 2514 plura
1047 2429 1191 2513 proferre

171 2558 308 2668 ⁴possim
321 2556 521 2642 detrimenta
532 2537 673 2641 puhlicis
691 2558 800 2635 rebus,
822 2577 921 2639 quam
934 2552 1121 2640 adjumenta
1132 2572 1191 2635 per

180 2678 332 2742 homines
357 2676 645 2757 eloquentissimos
669 2673 876 2761 importata:
911 2676 979 2755 sed,
1005 2687 1041 2739 ut
1066 2675 1193 2758 reliqua
1286 2719 1295 2736 .

180 2796 438 2880 pretermittam,
464 2794 612 2862 omnium
633 2798 716 2863 mihi
730 2800 856 2880 videor,
882 2799 1038 2884 exceptis,
1062 2797 1193 2876 Crasse,

118 2883 138 2912 ‘
174 2914 277 2978 ‚vobis
291 2914 427 2994 duobus,
451 2916 740 2999 eloquentissimos
754 2920 883 2983 audisse
907 2918 965 2981 Ti.
988 2931 1021 2982 et
1040 2918 1079 2981 C.
1103 2919 1193 2982 Sem·

170 3035 364 3121 pronios*;
396 3056 536 3120 quorum
571 3053 663 3122 pater
695 3037 795 3100 homo
829 3039 971 3121 prudens
1006 3050 1040 3099 et
1072 3035 1193 3120 gravis,
1295 3105 1300 3116 1

183 3157 436 3241 haudquaquam
447 3159 618 3239 eloquens,
635 3171 669 3222 et
681 3179 764 3239 saepe
778 3159 868 3239 alias,
881 3172 914 3222 et
927 3157 1069 3221 maxime
1080 3172 1194 3220 censor

171 3277 281 3343 saluti
288 3276 492 3359 Reipublicae
502 3275 584 3349 fuit;
597 3263 694 3358 atque
706 3276 733 3340 is
742 3300 807 3340 non
819 3279 1113 3362 accurataquadam
1121 3297 1194 3341 ora·

167 3400 288 3484 ‚tionis
302 3399 405 3483 copia,
419 3398 479 3460 sed
490 3410 572 3460 nutu
588 3412 684 3484 atque
696 3404 793 3467 verbo
806 3404 973 3470 libertinos
987 3403 1020 3466 in
1032 3404 1193 3484 urbanas†

1082 3523 1186 3587 tribus

174 3715 178 3722 ¹
214 3734 227 3761 '
246 3733 335 3784 Cicero
344 3730 421 3781 refers
431 3739 458 3778 to
471 3732 513 3781 the
520 3732 657 3784 celebrated
666 3736 699 3783 T.
711 3734 761 3784 and
772 3736 803 3784 C.
816 3737 922 3785 Gracchi
931 3755 939 3791 t
949 3738 1035 3785 whose
1044 3747 1114 3798 great
1125 3735 1191 3787 abili.

182 3832 356 3896 elesinteginy
367 3830 549 3896 andeloquence
557 3837 620 3885 have
631 3847 674 3884 not
683 3834 733 3885 had
745 3838 787 3883 the
794 3836 961 3900 goodfortune
969 3836 1030 3884 tobe
1039 3834 1196 3886 transmitted

181 3940 208 3978 to
216 3929 347 3995 posterity,
366 3930 391 3978 in
402 3931 456 3979 that
466 3931 590 3984 favorable
600 3936 671 4002 light,
692 3939 717 3985 in
727 3937 813 3985 which
830 3940 887 4000 they
899 3949 967 3987 must
977 3952 1069 4003 appear
1079 3948 1105 3990 to
1115 3941 1194 3998 those,

183 4027 248 4084 who,
259 4029 367 4078 without
375 4028 506 4095 prejudice,
518 4034 600 4085 reflect
611 4028 677 4102 upori
688 4038 731 4086 the
740 4046 794 4084 true
805 4038 915 4087 maxims
925 4037 956 4087 of
970 4038 1073 4088 Roman
1081 4038 1175 4100 liberty.
1185 4069 1202 4084 .

216 4123 230 4185 †
246 4127 310 4176 This
319 4125 371 4176 had
380 4129 442 4179 boen
451 4134 589 4198 previously
601 4134 711 4192 effectes
734 4137 799 4185 with
819 4137 905 4201 regard
924 4147 951 4187 to
969 4137 1025 4188 four
1043 4138 1092 4201 city
1113 4136 1193 4183 tribes

183 4227 243 4277 The
253 4225 338 4292 design
347 4230 378 4281 of
385 4234 428 4282 the
437 4234 594 4287 distribution
604 4238 635 4290 of
648 4242 691 4288 the
701 4242 805 4292 citizens
815 4242 846 4294 of
858 4244 943 4294 Rome
953 4244 1006 4293 into
1014 4242 1087 4290 tribes
1102 4253 1157 4289 tras
1167 4249 1196 4294 to
1216 4311 1218 4317 y

185 4329 287 4381 balance
297 4333 339 4383 the
351 4337 472 4390 ambition
480 4339 512 4390 cf
519 4343 561 4392 the
569 4346 662 4410 people.
690 4397 698 4418 ἱ
