2742 4950
496 390 875 475 ernsl.39.
1166 407 1207 482 ’ῖς

197 564 306 639 nonne
318 573 424 639 omnis
446 552 559 642 nostra
581 575 615 639 in
636 577 711 663 jure
734 587 862 641 versata
874 572 1023 641 defensio
1035 580 1108 642 est?
1123 588 1209 645 'cum

200 705 285 769 enim
300 700 430 771 Marius
442 702 657 774 Gratidianus
672 699 759 763 aedes
774 698 909 765 Auratae
921 698 1137 783 vendidisset,
1154 726 1211 770 ne·

190 822 256 913 ‘qim
269 829 392 896 servire
408 828 573 914 quandam
587 845 701 890 earum
712 824 832 888 adium
843 838 970 908 partem
994 828 1027 890 in
1054 830 1208 916 mancipii

188 951 268 1035 lege
283 951 435 1032 dixisset,
446 950 717 1027 defendebamus,
728 946 887 1030 quicquid
897 946 1017 1012 fuisset
1028 951 1205 1015 incommo-

189 1074 225 1138 di
241 1074 277 1137 in
288 1075 464 1160 mancipi0,
478 1076 514 1139 id
525 1075 554 1139 si
565 1072 719 1138 venditor
733 1052 850 1133 scisset
873 1066 981 1153 neque
1004 1072 1211 1155 declarasset,

186 1210 346 1280 prastare
375 1199 508 1262 debere.
566 1194 646 1268 Quo
670 1184 803 1276 quidem
836 1193 869 1255 in
894 1218 1013 1283 genere
1039 1198 1209 1264 familiaris

187 1331 309 1378 noster
322 1316 377 1381 M.
395 1313 601 1391 Bucculeius,
621 1310 722 1374 homo
735 1332 840 1394 neque
854 1333 929 1375 meo
937 1315 1068 1402 judicio
1082 1321 1211 1401 stultus,

190 1413 226 1499 et
247 1457 307 1498 suo
320 1436 412 1502 valde
427 1434 566 1518 sapiens,
590 1445 624 1495 et
648 1452 668 1495 a
688 1433 774 1520 juris
798 1433 908 1497 studio
932 1457 998 1499 non
1020 1439 1209 1522 abhorrens,

187 1559 294 1631 simili
307 1560 340 1623 in
354 1580 390 1621 re
403 1557 650 1642 quodammodo
669 1577 773 1641 nuper
781 1558 921 1633 erravit;
935 1580 1023 1641 nam,
1037 1585 1113 1627 cum
1122 1568 1209 1630 aedes

188 1687 230 1750 L.
251 1686 345 1749 Fufio
352 1670 529 1762 uenderet,
551 1680 584 1743 in
596 1680 762 1765 mancipio
774 1682 910 1764 lumina,
934 1687 982 1750 uti
996 1701 1067 1750 tum
1082 1705 1205 1770 essent,
1284 1714 1288 1725 ⁴

26 1812 27 1823 ¹
129 1894 136 1907 ·
186 1808 238 1873 lta
247 1808 370 1893 recepit
383 1834 392 1883 ς
409 1804 521 1872 Fufius
536 1816 660 1884 autem,
674 1803 774 1869 simul
788 1819 884 1888 atque
900 1808 1056 1874 aedificari
1071 1825 1209 1904 ceptum

178 1908 242 1999 ¹est
261 1934 295 1996 in
314 1933 457 2017 quadam
470 1944 560 2015 parte
574 1929 678 2009 urbis,
707 1953 780 2013 quae
804 1930 907 1994 modo
930 1953 973 1996 ex
996 1932 1062 1995 illis
1087 1933 1211 1999 aedibus

189 2059 336 2144 conspici
350 2071 474 2143 posset,
493 2056 562 2141 egit
574 2057 687 2121 statim
699 2077 775 2121 cum
796 2056 990 2136 Bucculeio,
1016 2060 1116 2140 quod,
1143 2061 1210 2124 cui·

191 2204 334 2264 cumque
344 2180 513 2264 particulae
527 2181 594 2243 celi
609 2181 805 2259 officeretur,
827 2179 977 2263 quamvis
987 2196 1073 2246 esset
1085 2186 1210 2268 procul,

190 2300 314 2365 mutari
335 2298 462 2362 lumina
475 2299 623 2384 putabat.
668 2298 763 2374 Quid
775 2299 879 2361 vero?
903 2297 1085 2365 clarissima
1099 2301 1208 2365 Manii
1302 2331 1305 2341 ’

184 2421 286 2487 Curii
299 2443 413 2491 caussa
427 2423 604 2507 Marcique
619 2421 762 2508 Coponii
775 2443 878 2508 nuper
887 2423 975 2508 apud
986 2426 1206 2489 centumviros

187 2562 253 2625 quo
269 2562 431 2607 concursu
443 2540 633 2619 hominum,
659 2562 726 2622 qua
739 2540 963 2626 expectatione
985 2541 1120 2607 defensa
1133 2546 1207 2610 est?

182 2688 266 2731 cum
280 2666 325 2742 Q.
339 2660 641 2744 Scaevola,aequnlis
650 2673 682 2724 et
692 2660 815 2746 collega
828 2683 931 2742 meus,
945 2665 1043 2729 homo
1058 2668 1206 2734 omnium

189 2803 225 2852 et
239 2785 416 2870 disciplina
432 2784 518 2871 juris
534 2783 638 2848 civilis
651 2783 907 2866 eruditissimus,
934 2801 967 2851 et
980 2788 1112 2877 ingenio
1132 2776 1207 2878 pru·

188 2909 365 2991 (lentiaque
377 2906 598 2986 acutissimus,
612 2904 800 2970 etoratione
811 2908 955 2973 maxime
967 2908 1099 2974 limatus
1110 2926 1206 2997 atque

187 3025 334 3105 subtilis,
361 3039 456 3110 atque
486 3033 539 3118 (ut
562 3046 624 3110 ego
649 3024 741 3089 soleo
765 3025 896 3110 dicere)
915 3027 1001 3109 juris
1025 3021 1206 3110 peritorum

188 3141 492 3229 eloquentissimus,
527 3142 754 3226 eloquentium
779 3140 866 3225 juris
898 3143 1131 3228 peritissimus,
1165 3170 1208 3212 ex

129 3295 133 3302 ·
187 3265 312 3348 scripto
324 3280 594 3331 testamentorum
607 3264 685 3352 jura
697 3260 900 3342 defenderet,
912 3278 1123 3349 negaretque,
1142 3268 1206 3331 nisi

190 3381 445 3466 posthumus-et
469 3357 575 3465 natus,
600 3396 635 3446 et
658 3397 744 3461 ante,
771 3404 869 3466 quam
893 3384 1046 3449 insuam
1069 3389 1208 3453 tutelam

188 3501 348 3580 venisset,
373 3517 520 3567 mortuus
533 3517 631 3583 esset,
654 3501 817 3569 heredem
843 3528 920 3571 eum
933 3529 1005 3570 esse
1020 3528 1127 3589 posse,
1150 3511 1207 3591 qui

190 3639 279 3689 esset
293 3598 474 3690 secundum
487 3626 700 3710 posthumum
714 3637 747 3692 et
758 3638 871 3689 natum
887 3639 920 3690 et
933 3640 1099 3690 mortuum
1112 3627 1206 3696 heres

192 3733 382 3812 institutus:
405 3770 468 3835 ego
490 3748 696 3840 voluntatem
709 3747 934 3826 defenderem,
960 3749 1021 3812 hac
1045 3773 1121 3815 eum
1134 3768 1206 3818 tum

190 3879 302 3930 mente
316 3868 429 3949 fuisse,
444 3870 501 3953 qui
511 3883 744 3935 testamentum
758 3869 899 3949 lecisset,
925 3882 973 3950 ut,
999 3873 1027 3935 si
1041 3873 1126 3942 filius
1140 3897 1207 3939 non

191 3999 290 4065 esset,
316 3985 432 4069 quiin
457 3988 595 4053 tutelam
621 3988 759 4069 veniret,
773 3988 828 4052 M.
845 3988 966 4058 Curius
990 4007 1076 4060 esset
1097 3996 1203 4059 heres.

196 4104 289 4173 Num
301 4111 433 4180 destitit
442 4127 580 4200 uterque
592 4127 743 4181 nostrum
762 4114 798 4179 in
818 4136 860 4181 ea
870 4137 996 4200 caussa,
1016 4119 1052 4182 in
1065 4115 1205 4182 auctori·

994 4261 996 4270 *
1070 4237 1203 4322 tatibus,
