<?xml version="1.0" encoding="UTF-8"?>
<!DOCTYPE html PUBLIC "-//W3C//DTD XHTML 1.0 Transitional//EN"
    "http://www.w3.org/TR/xhtml1/DTD/xhtml1-transitional.dtd">
<html xmlns="http://www.w3.org/1999/xhtml" xml:lang="en" lang="en">
 <head>
  <title>
</title>
<meta http-equiv="Content-Type" content="text/html;charset=utf-8" />
  <meta name='ocr-system' content='tesseract 3.04.00' />
  <meta name='ocr-capabilities' content='ocr_page ocr_carea ocr_par ocr_line ocrx_word'/>
</head>
<body>
  <div class='ocr_page' id='page_1' title='image "./mtulliiciceroni00smitgoog_0042.png"; bbox 0 0 2742 4950; ppageno 0'>
   <div class='ocr_carea' id='block_1_1' title="bbox 199 392 924 465">
    <p class='ocr_par' dir='ltr' id='par_1_1' title="bbox 199 392 924 465">
     <span class='ocr_line' id='line_1_1' title="bbox 199 392 924 465; baseline -0.01 -6"><span class='ocrx_word' id='word_1_1' title='bbox 199 396 247 465; x_wconf 63' lang='lat' dir='ltr'><strong>da</strong></span> <span class='ocrx_word' id='word_1_2' title='bbox 483 392 559 456; x_wconf 82' lang='lat' dir='ltr'><strong>Dn</strong></span> <span class='ocrx_word' id='word_1_3' title='bbox 618 392 924 457; x_wconf 70' lang='lat' dir='ltr'><strong>Orurorn</strong></span> 
     </span>
    </p>
   </div>
   <div class='ocr_carea' id='block_1_2' title="bbox 148 533 1225 647">
    <p class='ocr_par' dir='ltr' id='par_1_2' title="bbox 148 533 1225 647">
     <span class='ocr_line' id='line_1_2' title="bbox 148 533 1225 647; baseline -0.019 -17"><span class='ocrx_word' id='word_1_4' title='bbox 148 533 160 549; x_wconf 90' lang='lat'><em>.</em></span> <span class='ocrx_word' id='word_1_5' title='bbox 199 562 256 629; x_wconf 80' lang='lat' dir='ltr'><strong>isti</strong></span> <span class='ocrx_word' id='word_1_6' title='bbox 269 582 333 624; x_wconf 81' lang='lat' dir='ltr'><strong>suae</strong></span> <span class='ocrx_word' id='word_1_7' title='bbox 347 559 490 647; x_wconf 76' lang='lat' dir='ltr'><strong>nomine,</strong></span> <span class='ocrx_word' id='word_1_8' title='bbox 509 554 570 621; x_wconf 83' lang='lat' dir='ltr'><strong>hos</strong></span> <span class='ocrx_word' id='word_1_9' title='bbox 585 558 782 621; x_wconf 86' lang='lat' dir='ltr'><strong>Rhetorieos</strong></span> <span class='ocrx_word' id='word_1_10' title='bbox 797 552 1023 618; x_wconf 75' lang='lat' dir='ltr'><strong>&#39;etinscribunt</strong></span> <span class='ocrx_word' id='word_1_11' title='bbox 1044 554 1078 619; x_wconf 86' lang='lat' dir='ltr'><strong>et</strong></span> <span class='ocrx_word' id='word_1_12' title='bbox 1089 556 1091 563; x_wconf 87' lang='grc'><strong>’</strong></span> <span class='ocrx_word' id='word_1_13' title='bbox 1102 559 1225 643; x_wconf 62' lang='lat' dir='ltr'><strong>appel.</strong></span> 
     </span>
    </p>
   </div>
   <div class='ocr_carea' id='block_1_3' title="bbox 148 658 1247 2589">
    <p class='ocr_par' dir='ltr' id='par_1_3' title="bbox 148 658 1247 2589">
     <span class='ocr_line' id='line_1_3' title="bbox 196 658 1229 767; baseline -0.007 -17"><span class='ocrx_word' id='word_1_14' title='bbox 196 658 279 750; x_wconf 65' lang='lat' dir='ltr'><strong>ian.</strong></span> <span class='ocrx_word' id='word_1_15' title='bbox 326 684 459 747; x_wconf 70' lang='lat' dir='ltr'><strong>atenim</strong></span> <span class='ocrx_word' id='word_1_16' title='bbox 474 660 549 750; x_wconf 66' lang='lat' dir='ltr'><strong>aa</strong></span> <span class='ocrx_word' id='word_1_17' title='bbox 563 684 610 747; x_wconf 78' lang='lat' dir='ltr'><strong>nu</strong></span> <span class='ocrx_word' id='word_1_18' title='bbox 625 682 814 746; x_wconf 72' lang='lat' dir='ltr'><strong>indicendo</strong></span> <span class='ocrx_word' id='word_1_19' title='bbox 828 675 1080 743; x_wconf 57' lang='lat' dir='ltr'><strong>instaurationi</strong></span> <span class='ocrx_word' id='word_1_20' title='bbox 1103 674 1229 767; x_wconf 66' lang='lat' dir='ltr'><strong>(quoa</strong></span> 
     </span>
     <span class='ocr_line' id='line_1_4' title="bbox 199 777 1231 893; baseline -0.004 -22"><span class='ocrx_word' id='word_1_21' title='bbox 199 826 344 893; x_wconf 65' lang='lat' dir='ltr'><strong>persaepe</strong></span> <span class='ocrx_word' id='word_1_22' title='bbox 357 807 497 892; x_wconf 80' lang='lat' dir='ltr'><strong>evenit‚)</strong></span> <span class='ocrx_word' id='word_1_23' title='bbox 509 818 562 870; x_wconf 85' lang='lat' dir='ltr'><strong>&#39;ut&#39;</strong></span> <span class='ocrx_word' id='word_1_24' title='bbox 573 807 612 872; x_wconf 87' lang='lat' dir='ltr'><strong>de</strong></span> <span class='ocrx_word' id='word_1_25' title='bbox 627 807 693 871; x_wconf 90' lang='lat' dir='ltr'><strong>diis</strong></span> <span class='ocrx_word' id='word_1_26' title='bbox 706 803 956 882; x_wconf 76' lang='lat' dir='ltr'><strong>immortalibus,</strong></span> <span class='ocrx_word' id='word_1_27' title='bbox 969 802 1009 865; x_wconf 92' lang='lat' dir='ltr'><strong>dc</strong></span> <span class='ocrx_word' id='word_1_28' title='bbox 1024 777 1155 885; x_wconf 83' lang='lat' dir='ltr'><strong>pietate,</strong></span> <span class='ocrx_word' id='word_1_29' title='bbox 1173 803 1231 867; x_wconf 81' lang='lat' dir='ltr'><strong>de&#39;</strong></span> 
     </span>
     <span class='ocr_line' id='line_1_5' title="bbox 201 918 1235 1010; baseline -0.005 -17"><span class='ocrx_word' id='word_1_30' title='bbox 201 932 390 1010; x_wconf 81' lang='lat' dir='ltr'><strong>ctmcordia,</strong></span> <span class='ocrx_word' id='word_1_31' title='bbox 399 933 439 997; x_wconf 84' lang='lat' dir='ltr'><strong>de</strong></span> <span class='ocrx_word' id='word_1_32' title='bbox 450 930 604 1010; x_wconf 78' lang='lat' dir='ltr'><strong>amicitia,</strong></span> <span class='ocrx_word' id='word_1_33' title='bbox 615 931 654 995; x_wconf 87' lang='lat' dir='ltr'><strong>de</strong></span> <span class='ocrx_word' id='word_1_34' title='bbox 664 918 1235 1006; x_wconf 76' lang='lat' dir='ltr'><strong>communicivium,debominuni,</strong></span> 
     </span>
     <span class='ocr_line' id='line_1_6' title="bbox 198 1038 1217 1140; baseline -0.011 -20"><span class='ocrx_word' id='word_1_35' title='bbox 198 1057 240 1122; x_wconf 81' lang='lat' dir='ltr'><strong>de</strong></span> <span class='ocrx_word' id='word_1_36' title='bbox 255 1054 404 1139; x_wconf 77' lang='lat' dir='ltr'><strong>gentium</strong></span> <span class='ocrx_word' id='word_1_37' title='bbox 413 1055 501 1140; x_wconf 85' lang='lat' dir='ltr'><strong>jure,</strong></span> <span class='ocrx_word' id='word_1_38' title='bbox 513 1056 553 1119; x_wconf 88' lang='lat' dir='ltr'><strong>de</strong></span> <span class='ocrx_word' id='word_1_39' title='bbox 567 1051 730 1134; x_wconf 72' lang='lat' dir='ltr'><strong>equitate,</strong></span> <span class='ocrx_word' id='word_1_40' title='bbox 754 1053 795 1115; x_wconf 87' lang='lat' dir='ltr'><strong>de</strong></span> <span class='ocrx_word' id='word_1_41' title='bbox 807 1051 1035 1136; x_wconf 71' lang='lat' dir='ltr'><strong>temperantia,</strong></span> <span class='ocrx_word' id='word_1_42' title='bbox 1059 1051 1099 1114; x_wconf 83' lang='lat' dir='ltr'><strong>de</strong></span> <span class='ocrx_word' id='word_1_43' title='bbox 1114 1038 1217 1132; x_wconf 72' lang='lat' dir='ltr'><strong>mag-</strong></span> 
     </span>
     <span class='ocr_line' id='line_1_7' title="bbox 198 1167 1220 1254; baseline -0.01 -17"><span class='ocrx_word' id='word_1_44' title='bbox 198 1173 352 1247; x_wconf 78' lang='lat' dir='ltr'><strong>nitudine</strong></span> <span class='ocrx_word' id='word_1_45' title='bbox 363 1173 478 1250; x_wconf 73' lang='lat' dir='ltr'><strong>animi,</strong></span> <span class='ocrx_word' id='word_1_46' title='bbox 504 1176 546 1236; x_wconf 90' lang='lat' dir='ltr'><strong>de</strong></span> <span class='ocrx_word' id='word_1_47' title='bbox 561 1173 652 1236; x_wconf 88' lang='lat' dir='ltr'><strong>omni</strong></span> <span class='ocrx_word' id='word_1_48' title='bbox 673 1171 806 1236; x_wconf 85' lang='lat' dir='ltr'><strong>virtutis</strong></span> <span class='ocrx_word' id='word_1_49' title='bbox 820 1192 935 1254; x_wconf 80' lang='lat' dir='ltr'><strong>genere</strong></span> <span class='ocrx_word' id='word_1_50' title='bbox 959 1170 1002 1233; x_wconf 87' lang='lat' dir='ltr'><strong>sit</strong></span> <span class='ocrx_word' id='word_1_51' title='bbox 1018 1167 1220 1242; x_wconf 88' lang='lat' dir='ltr'><strong>dicendum,</strong></span> 
     </span>
     <span class='ocr_line' id='line_1_8' title="bbox 200 1256 1225 1376; baseline -0.009 -16"><span class='ocrx_word' id='word_1_52' title='bbox 200 1294 394 1373; x_wconf 79' lang='lat' dir='ltr'><strong>clamabunt,</strong></span> <span class='ocrx_word' id='word_1_53' title='bbox 418 1256 529 1370; x_wconf 73' lang='lat' dir='ltr'><strong>credo,</strong></span> <span class='ocrx_word' id='word_1_54' title='bbox 553 1293 663 1354; x_wconf 88' lang='lat' dir='ltr'><strong>omnia</strong></span> <span class='ocrx_word' id='word_1_55' title='bbox 675 1291 873 1375; x_wconf 78' lang='lat' dir='ltr'><strong>gymnasia*</strong></span> <span class='ocrx_word' id='word_1_56' title='bbox 896 1307 992 1376; x_wconf 89' lang='lat' dir='ltr'><strong>atque</strong></span> <span class='ocrx_word' id='word_1_57' title='bbox 1006 1312 1119 1354; x_wconf 85' lang='lat' dir='ltr'><strong>omnes</strong></span> <span class='ocrx_word' id='word_1_58' title='bbox 1140 1290 1225 1374; x_wconf 88' lang='lat' dir='ltr'><strong>phi·</strong></span> 
     </span>
     <span class='ocr_line' id='line_1_9' title="bbox 201 1411 1228 1499; baseline -0.003 -20"><span class='ocrx_word' id='word_1_59' title='bbox 201 1414 414 1499; x_wconf 80' lang='lat' dir='ltr'><strong>losophorum</strong></span> <span class='ocrx_word' id='word_1_60' title='bbox 428 1413 559 1491; x_wconf 80' lang='lat' dir='ltr'><strong>scholae,</strong></span> <span class='ocrx_word' id='word_1_61' title='bbox 583 1434 642 1475; x_wconf 83' lang='lat' dir='ltr'><strong>sua</strong></span> <span class='ocrx_word' id='word_1_62' title='bbox 662 1411 733 1474; x_wconf 76' lang='lat' dir='ltr'><strong>baee</strong></span> <span class='ocrx_word' id='word_1_63' title='bbox 756 1433 827 1473; x_wconf 87' lang='lat' dir='ltr'><strong>esse</strong></span> <span class='ocrx_word' id='word_1_64' title='bbox 842 1414 955 1473; x_wconf 87' lang='lat' dir='ltr'><strong>omnia</strong></span> <span class='ocrx_word' id='word_1_65' title='bbox 966 1415 1111 1494; x_wconf 87' lang='lat' dir='ltr'><strong>propria,</strong></span> <span class='ocrx_word' id='word_1_66' title='bbox 1134 1412 1228 1476; x_wconf 80' lang='lat' dir='ltr'><strong>nihil</strong></span> 
     </span>
     <span class='ocr_line' id='line_1_10' title="bbox 200 1528 1230 1622; baseline 0.003 -23"><span class='ocrx_word' id='word_1_67' title='bbox 200 1538 334 1615; x_wconf 60' lang='lat' dir='ltr'><strong>omnmo</strong></span> <span class='ocrx_word' id='word_1_68' title='bbox 355 1539 401 1601; x_wconf 61' lang='lat' dir='ltr'><strong>ud⁴</strong></span> <span class='ocrx_word' id='word_1_69' title='bbox 416 1552 578 1604; x_wconf 86' lang='lat' dir='ltr'><strong>oratorem</strong></span> <span class='ocrx_word' id='word_1_70' title='bbox 592 1537 780 1622; x_wconf 86' lang='lat' dir='ltr'><strong>pertinere:</strong></span> <span class='ocrx_word' id='word_1_71' title='bbox 804 1528 921 1619; x_wconf 81' lang='lat' dir='ltr'><strong>quibus</strong></span> <span class='ocrx_word' id='word_1_72' title='bbox 943 1556 1019 1620; x_wconf 88' lang='lat' dir='ltr'><strong>cg0,</strong></span> <span class='ocrx_word' id='word_1_73' title='bbox 1044 1549 1080 1599; x_wconf 91' lang='lat' dir='ltr'><strong>ut</strong></span> <span class='ocrx_word' id='word_1_74' title='bbox 1094 1538 1135 1599; x_wconf 90' lang='lat' dir='ltr'><strong>de</strong></span> <span class='ocrx_word' id='word_1_75' title='bbox 1154 1528 1230 1603; x_wconf 46' lang='lat' dir='ltr'><strong>his‘</strong></span> 
     </span>
     <span class='ocr_line' id='line_1_11' title="bbox 202 1652 1222 1741; baseline -0.003 -23"><span class='ocrx_word' id='word_1_76' title='bbox 202 1653 298 1719; x_wconf 87' lang='lat' dir='ltr'><strong>rebus</strong></span> <span class='ocrx_word' id='word_1_77' title='bbox 306 1655 458 1719; x_wconf 83' lang='lat' dir='ltr'><strong>omnibus</strong></span> <span class='ocrx_word' id='word_1_78' title='bbox 468 1656 502 1719; x_wconf 91' lang='lat' dir='ltr'><strong>in</strong></span> <span class='ocrx_word' id='word_1_79' title='bbox 511 1655 637 1741; x_wconf 87' lang='lat' dir='ltr'><strong>angulis</strong></span> <span class='ocrx_word' id='word_1_80' title='bbox 646 1652 856 1718; x_wconf 86' lang='lat' dir='ltr'><strong>consumendi</strong></span> <span class='ocrx_word' id='word_1_81' title='bbox 865 1652 925 1714; x_wconf 92' lang='lat' dir='ltr'><strong>otii</strong></span> <span class='ocrx_word' id='word_1_82' title='bbox 934 1654 1222 1734; x_wconf 84' lang='lat' dir='ltr'><strong>causadisserant,</strong></span> 
     </span>
     <span class='ocr_line' id='line_1_12' title="bbox 203 1778 1225 1867; baseline -0.004 -18"><span class='ocrx_word' id='word_1_83' title='bbox 203 1802 278 1849; x_wconf 73' lang='lat' dir='ltr'><strong>tum</strong></span> <span class='ocrx_word' id='word_1_84' title='bbox 291 1803 492 1861; x_wconf 86' lang='lat' dir='ltr'><strong>concessero,</strong></span> <span class='ocrx_word' id='word_1_85' title='bbox 515 1781 597 1845; x_wconf 90' lang='lat' dir='ltr'><strong>illud</strong></span> <span class='ocrx_word' id='word_1_86' title='bbox 609 1795 720 1846; x_wconf 87' lang='lat' dir='ltr'><strong>tamen</strong></span> <span class='ocrx_word' id='word_1_87' title='bbox 733 1778 856 1843; x_wconf 87' lang='lat' dir='ltr'><strong>oratori</strong></span> <span class='ocrx_word' id='word_1_88' title='bbox 867 1779 1010 1842; x_wconf 84' lang='lat' dir='ltr'><strong>tribuam</strong></span> <span class='ocrx_word' id='word_1_89' title='bbox 1023 1793 1056 1844; x_wconf 88' lang='lat' dir='ltr'><strong>et</strong></span> <span class='ocrx_word' id='word_1_90' title='bbox 1068 1780 1165 1867; x_wconf 84' lang='lat' dir='ltr'><strong>dabo,</strong></span> <span class='ocrx_word' id='word_1_91' title='bbox 1180 1796 1225 1845; x_wconf 91' lang='lat' dir='ltr'><strong>ut</strong></span> 
     </span>
     <span class='ocr_line' id='line_1_13' title="bbox 148 1887 1220 1991; baseline -0.003 -20"><span class='ocrx_word' id='word_1_92' title='bbox 148 1962 151 1971; x_wconf 21' lang='grc' dir='ltr'><strong><em>Δ</em></strong></span> <span class='ocrx_word' id='word_1_93' title='bbox 204 1908 331 1985; x_wconf 81' lang='lat' dir='ltr'><strong>eadem,</strong></span> <span class='ocrx_word' id='word_1_94' title='bbox 345 1887 385 1972; x_wconf 86' lang='lat' dir='ltr'><strong>de</strong></span> <span class='ocrx_word' id='word_1_95' title='bbox 401 1906 518 1990; x_wconf 80' lang='lat' dir='ltr'><strong>quibus</strong></span> <span class='ocrx_word' id='word_1_96' title='bbox 531 1896 578 1966; x_wconf 85' lang='lat' dir='ltr'><strong>illi</strong></span> <span class='ocrx_word' id='word_1_97' title='bbox 589 1903 680 1967; x_wconf 88' lang='lat' dir='ltr'><strong>tenui</strong></span> <span class='ocrx_word' id='word_1_98' title='bbox 690 1901 832 1986; x_wconf 87' lang='lat' dir='ltr'><strong>quodam</strong></span> <span class='ocrx_word' id='word_1_99' title='bbox 843 1901 1049 1991; x_wconf 82' lang='lat' dir='ltr'><strong>exanguique</strong></span> <span class='ocrx_word' id='word_1_100' title='bbox 1061 1925 1220 1979; x_wconf 88' lang='lat' dir='ltr'><strong>sermone</strong></span> 
     </span>
     <span class='ocr_line' id='line_1_14' title="bbox 205 1999 1247 2111; baseline 0 -22"><span class='ocrx_word' id='word_1_101' title='bbox 205 2027 442 2108; x_wconf 83' lang='lat' dir='ltr'><strong>disputant,hie</strong></span> <span class='ocrx_word' id='word_1_102' title='bbox 453 2044 528 2087; x_wconf 85' lang='lat' dir='ltr'><strong>eum</strong></span> <span class='ocrx_word' id='word_1_103' title='bbox 538 2026 627 2086; x_wconf 91' lang='lat' dir='ltr'><strong>omni</strong></span> <span class='ocrx_word' id='word_1_104' title='bbox 639 2024 798 2109; x_wconf 84' lang='lat' dir='ltr'><strong>gravitate</strong></span> <span class='ocrx_word' id='word_1_105' title='bbox 807 2038 840 2089; x_wconf 92' lang='lat' dir='ltr'><strong>et</strong></span> <span class='ocrx_word' id='word_1_106' title='bbox 847 2025 1052 2109; x_wconf 85' lang='lat' dir='ltr'><strong>jucunditate</strong></span> <span class='ocrx_word' id='word_1_107' title='bbox 1062 2026 1222 2111; x_wconf 82' lang='lat' dir='ltr'><strong>explicet.</strong></span> <span class='ocrx_word' id='word_1_108' title='bbox 1236 1999 1247 2011; x_wconf 34' lang='lat' dir='ltr'><em>l</em></span> 
     </span>
     <span class='ocr_line' id='line_1_15' title="bbox 205 2141 1211 2228; baseline 0.001 -22"><span class='ocrx_word' id='word_1_109' title='bbox 205 2142 280 2215; x_wconf 82' lang='lat' dir='ltr'><strong>Haec</strong></span> <span class='ocrx_word' id='word_1_110' title='bbox 294 2162 356 2228; x_wconf 89' lang='lat' dir='ltr'><strong>ego</strong></span> <span class='ocrx_word' id='word_1_111' title='bbox 369 2163 444 2204; x_wconf 89' lang='lat' dir='ltr'><strong>cum</strong></span> <span class='ocrx_word' id='word_1_112' title='bbox 453 2141 532 2224; x_wconf 87' lang='lat' dir='ltr'><strong>ipsis</strong></span> <span class='ocrx_word' id='word_1_113' title='bbox 541 2141 744 2224; x_wconf 86' lang='lat' dir='ltr'><strong>philosophis</strong></span> <span class='ocrx_word' id='word_1_114' title='bbox 756 2155 828 2203; x_wconf 85' lang='lat' dir='ltr'><strong>tum</strong></span> <span class='ocrx_word' id='word_1_115' title='bbox 837 2143 980 2209; x_wconf 81' lang='lat' dir='ltr'><strong>Athenis</strong></span> <span class='ocrx_word' id='word_1_116' title='bbox 989 2144 1188 2209; x_wconf 84' lang='lat' dir='ltr'><strong>disserebam</strong></span> <span class='ocrx_word' id='word_1_117' title='bbox 1201 2168 1211 2207; x_wconf 72' lang='grc' dir='ltr'><strong>ε</strong></span> 
     </span>
     <span class='ocr_line' id='line_1_16' title="bbox 206 2260 1220 2349; baseline 0.001 -20"><span class='ocrx_word' id='word_1_118' title='bbox 206 2263 341 2349; x_wconf 75' lang='lat' dir='ltr'><strong>sugebat</strong></span> <span class='ocrx_word' id='word_1_119' title='bbox 353 2264 440 2325; x_wconf 85' lang='lat' dir='ltr'><strong>enim</strong></span> <span class='ocrx_word' id='word_1_120' title='bbox 452 2282 504 2327; x_wconf 89' lang='lat' dir='ltr'><strong>me</strong></span> <span class='ocrx_word' id='word_1_121' title='bbox 515 2260 652 2323; x_wconf 87' lang='lat' dir='ltr'><strong>Marcus</strong></span> <span class='ocrx_word' id='word_1_122' title='bbox 665 2260 845 2322; x_wconf 84' lang='lat' dir='ltr'><strong>Marcellus</strong></span> <span class='ocrx_word' id='word_1_123' title='bbox 858 2260 913 2324; x_wconf 85' lang='lat' dir='ltr'><strong>hic</strong></span> <span class='ocrx_word' id='word_1_124' title='bbox 926 2281 1050 2344; x_wconf 88' lang='lat' dir='ltr'><strong>noster,</strong></span> <span class='ocrx_word' id='word_1_125' title='bbox 1062 2268 1117 2347; x_wconf 91' lang='lat' dir='ltr'><strong>qui</strong></span> <span class='ocrx_word' id='word_1_126' title='bbox 1130 2289 1220 2330; x_wconf 88' lang='lat' dir='ltr'><strong>nunc</strong></span> 
     </span>
     <span class='ocr_line' id='line_1_17' title="bbox 208 2383 1218 2472; baseline 0.002 -19"><span class='ocrx_word' id='word_1_127' title='bbox 208 2388 311 2453; x_wconf 77' lang='lat' dir='ltr'><strong>aedilis</strong></span> <span class='ocrx_word' id='word_1_128' title='bbox 325 2384 445 2451; x_wconf 85' lang='lat' dir='ltr'><strong>curulis</strong></span> <span class='ocrx_word' id='word_1_129' title='bbox 458 2399 518 2465; x_wconf 82' lang='lat' dir='ltr'><strong>est,</strong></span> <span class='ocrx_word' id='word_1_130' title='bbox 544 2399 578 2451; x_wconf 89' lang='lat' dir='ltr'><strong>et</strong></span> <span class='ocrx_word' id='word_1_131' title='bbox 588 2385 746 2469; x_wconf 87' lang='lat' dir='ltr'><strong>profecto,</strong></span> <span class='ocrx_word' id='word_1_132' title='bbox 768 2383 832 2445; x_wconf 91' lang='lat' dir='ltr'><strong>nisi</strong></span> <span class='ocrx_word' id='word_1_133' title='bbox 855 2385 951 2446; x_wconf 88' lang='lat' dir='ltr'><strong>ludos</strong></span> <span class='ocrx_word' id='word_1_134' title='bbox 971 2396 1057 2449; x_wconf 87' lang='lat' dir='ltr'><strong>n&#39;unc</strong></span> <span class='ocrx_word' id='word_1_135' title='bbox 1078 2390 1218 2472; x_wconf 86' lang='lat' dir='ltr'><strong>faceret,</strong></span> 
     </span>
     <span class='ocr_line' id='line_1_18' title="bbox 208 2503 1218 2589; baseline 0.005 -18"><span class='ocrx_word' id='word_1_136' title='bbox 208 2508 284 2571; x_wconf 84' lang='lat' dir='ltr'><strong>huic</strong></span> <span class='ocrx_word' id='word_1_137' title='bbox 295 2521 407 2568; x_wconf 85' lang='lat' dir='ltr'><strong>nostro</strong></span> <span class='ocrx_word' id='word_1_138' title='bbox 422 2506 564 2570; x_wconf 88' lang='lat' dir='ltr'><strong>sermoni</strong></span> <span class='ocrx_word' id='word_1_139' title='bbox 578 2506 747 2570; x_wconf 86' lang='lat' dir='ltr'><strong>interesset</strong></span> <span class='ocrx_word' id='word_1_140' title='bbox 760 2530 769 2578; x_wconf 87' lang='lat'>;</span> <span class='ocrx_word' id='word_1_141' title='bbox 793 2526 830 2566; x_wconf 88' lang='lat' dir='ltr'><strong>ac</strong></span> <span class='ocrx_word' id='word_1_142' title='bbox 835 2503 907 2589; x_wconf 88' lang='lat' dir='ltr'><strong>jam</strong></span> <span class='ocrx_word' id='word_1_143' title='bbox 920 2517 991 2569; x_wconf 89' lang='lat' dir='ltr'><strong>tum</strong></span> <span class='ocrx_word' id='word_1_144' title='bbox 1004 2523 1073 2572; x_wconf 90' lang='lat' dir='ltr'><strong>erat</strong></span> <span class='ocrx_word' id='word_1_145' title='bbox 1086 2511 1218 2575; x_wconf 87' lang='lat' dir='ltr'><strong>adoles-</strong></span> 
     </span>
    </p>
   </div>
   <div class='ocr_carea' id='block_1_4' title="bbox 193 2625 1221 2827">
    <p class='ocr_par' dir='ltr' id='par_1_4' title="bbox 193 2625 1221 2827">
     <span class='ocr_line' id='line_1_19' title="bbox 209 2625 1221 2710; baseline 0.008 -23"><span class='ocrx_word' id='word_1_146' title='bbox 209 2628 354 2688; x_wconf 86' lang='lat' dir='ltr'><strong>centulus</strong></span> <span class='ocrx_word' id='word_1_147' title='bbox 382 2625 433 2686; x_wconf 85' lang='lat' dir='ltr'><strong>his</strong></span> <span class='ocrx_word' id='word_1_148' title='bbox 458 2629 576 2689; x_wconf 81' lang='lat' dir='ltr'><strong>studiis</strong></span> <span class='ocrx_word' id='word_1_149' title='bbox 599 2626 738 2689; x_wconf 85' lang='lat' dir='ltr'><strong>mirifice</strong></span> <span class='ocrx_word' id='word_1_150' title='bbox 765 2626 904 2691; x_wconf 86' lang='lat' dir='ltr'><strong>deditus.</strong></span> <span class='ocrx_word' id='word_1_151' title='bbox 964 2630 1038 2710; x_wconf 88' lang='lat' dir='ltr'><strong>Jam</strong></span> <span class='ocrx_word' id='word_1_152' title='bbox 1064 2641 1142 2696; x_wconf 81' lang='lat' dir='ltr'><strong>vero</strong></span> <span class='ocrx_word' id='word_1_153' title='bbox 1176 2633 1221 2695; x_wconf 90' lang='lat' dir='ltr'><strong>de</strong></span> 
     </span>
     <span class='ocr_line' id='line_1_20' title="bbox 193 2738 1217 2827; baseline 0.012 -27"><span class='ocrx_word' id='word_1_154' title='bbox 193 2739 334 2824; x_wconf 77' lang='lat' dir='ltr'><strong>legibus</strong></span> <span class='ocrx_word' id='word_1_155' title='bbox 360 2738 582 2817; x_wconf 86' lang='lat' dir='ltr'><strong>instituendis,</strong></span> <span class='ocrx_word' id='word_1_156' title='bbox 608 2740 769 2815; x_wconf 87' lang='lat' dir='ltr'><strong>debello,</strong></span> <span class='ocrx_word' id='word_1_157' title='bbox 800 2745 840 2805; x_wconf 85' lang='lat' dir='ltr'><strong>de</strong></span> <span class='ocrx_word' id='word_1_158' title='bbox 864 2765 957 2824; x_wconf 88' lang='lat' dir='ltr'><strong>pace,</strong></span> <span class='ocrx_word' id='word_1_159' title='bbox 983 2746 1024 2808; x_wconf 92' lang='lat' dir='ltr'><strong>de</strong></span> <span class='ocrx_word' id='word_1_160' title='bbox 1038 2745 1148 2827; x_wconf 88' lang='lat' dir='ltr'><strong>sociis,</strong></span> <span class='ocrx_word' id='word_1_161' title='bbox 1172 2747 1217 2813; x_wconf 87' lang='lat' dir='ltr'><strong>de</strong></span> 
     </span>
    </p>
   </div>
   <div class='ocr_carea' id='block_1_5' title="bbox 126 2858 1224 3791">
    <p class='ocr_par' dir='ltr' id='par_1_5' title="bbox 207 2858 1218 2943">
     <span class='ocr_line' id='line_1_21' title="bbox 207 2858 1218 2943; baseline 0.011 -24"><span class='ocrx_word' id='word_1_162' title='bbox 207 2858 433 2943; x_wconf 79' lang='lat' dir='ltr'><strong>vectigalibus,</strong></span> <span class='ocrx_word' id='word_1_163' title='bbox 468 2860 509 2920; x_wconf 87' lang='lat' dir='ltr'><strong>de</strong></span> <span class='ocrx_word' id='word_1_164' title='bbox 539 2859 615 2942; x_wconf 86' lang='lat' dir='ltr'><strong>jure</strong></span> <span class='ocrx_word' id='word_1_165' title='bbox 648 2858 773 2919; x_wconf 81' lang='lat' dir='ltr'><strong>civium</strong></span> <span class='ocrx_word' id='word_1_166' title='bbox 799 2862 985 2942; x_wconf 77' lang='lat' dir='ltr'><strong>generatim</strong></span> <span class='ocrx_word' id='word_1_167' title='bbox 1021 2865 1055 2924; x_wconf 87' lang='lat' dir='ltr'><strong>in</strong></span> <span class='ocrx_word' id='word_1_168' title='bbox 1082 2866 1218 2929; x_wconf 87' lang='lat' dir='ltr'><strong>ordines</strong></span> 
     </span>
    </p>

    <p class='ocr_par' dir='ltr' id='par_1_6' title="bbox 179 2976 1223 3068">
     <span class='ocr_line' id='line_1_22' title="bbox 179 2976 1223 3068; baseline 0.005 -26"><span class='ocrx_word' id='word_1_169' title='bbox 179 3037 182 3042; x_wconf 84' lang='lat'>.</span> <span class='ocrx_word' id='word_1_170' title='bbox 202 2992 385 3061; x_wconf 67' lang='lat' dir='ltr'><strong>aetatesque</strong></span> <span class='ocrx_word' id='word_1_171' title='bbox 399 2978 574 3061; x_wconf 82' lang='lat' dir='ltr'><strong>descripto,</strong></span> <span class='ocrx_word' id='word_1_172' title='bbox 587 2976 700 3039; x_wconf 88' lang='lat' dir='ltr'><strong>dicant</strong></span> <span class='ocrx_word' id='word_1_173' title='bbox 711 2977 831 3056; x_wconf 81' lang='lat' dir='ltr'><strong>Graeci,</strong></span> <span class='ocrx_word' id='word_1_174' title='bbox 849 2978 876 3040; x_wconf 89' lang='lat' dir='ltr'><strong>si</strong></span> <span class='ocrx_word' id='word_1_175' title='bbox 887 2979 1012 3059; x_wconf 86' lang='lat' dir='ltr'><strong>volunt,</strong></span> <span class='ocrx_word' id='word_1_176' title='bbox 1026 2983 1223 3068; x_wconf 84' lang='lat' dir='ltr'><strong>Lycurgum</strong></span> 
     </span>
    </p>

    <p class='ocr_par' dir='ltr' id='par_1_7' title="bbox 126 3092 1224 3434">
     <span class='ocr_line' id='line_1_23' title="bbox 126 3092 1222 3187; baseline 0.003 -28"><span class='ocrx_word' id='word_1_177' title='bbox 126 3115 131 3122; x_wconf 87' lang='lat'><em>·</em></span> <span class='ocrx_word' id='word_1_178' title='bbox 210 3110 264 3163; x_wconf 75' lang='lat' dir='ltr'><strong>att</strong></span> <span class='ocrx_word' id='word_1_179' title='bbox 289 3096 446 3159; x_wconf 88' lang='lat' dir='ltr'><strong>Solonem</strong></span> <span class='ocrx_word' id='word_1_180' title='bbox 479 3103 696 3187; x_wconf 78' lang='lat' dir='ltr'><strong>(quamquam</strong></span> <span class='ocrx_word' id='word_1_181' title='bbox 722 3092 795 3157; x_wconf 86' lang='lat' dir='ltr'><strong>illos</strong></span> <span class='ocrx_word' id='word_1_182' title='bbox 823 3095 958 3179; x_wconf 87' lang='lat' dir='ltr'><strong>quidem</strong></span> <span class='ocrx_word' id='word_1_183' title='bbox 985 3120 1157 3162; x_wconf 86' lang='lat' dir='ltr'><strong>censemus</strong></span> <span class='ocrx_word' id='word_1_184' title='bbox 1184 3100 1222 3162; x_wconf 91' lang='lat' dir='ltr'><strong>in</strong></span> 
     </span>
     <span class='ocr_line' id='line_1_24' title="bbox 194 3205 1221 3307; baseline 0.002 -24"><span class='ocrx_word' id='word_1_185' title='bbox 194 3243 346 3294; x_wconf 62' lang='lat' dir='ltr'><strong>&gt;numero</strong></span> <span class='ocrx_word' id='word_1_186' title='bbox 360 3205 582 3303; x_wconf 85' lang='lat' dir='ltr'><strong>eloquentium</strong></span> <span class='ocrx_word' id='word_1_187' title='bbox 596 3219 817 3303; x_wconf 89' lang='lat' dir='ltr'><strong>reponendos)</strong></span> <span class='ocrx_word' id='word_1_188' title='bbox 840 3221 941 3285; x_wconf 90' lang='lat' dir='ltr'><strong>scisse</strong></span> <span class='ocrx_word' id='word_1_189' title='bbox 963 3223 1092 3303; x_wconf 80' lang='lat' dir='ltr'><strong>melius,</strong></span> <span class='ocrx_word' id='word_1_190' title='bbox 1119 3245 1221 3307; x_wconf 88' lang='lat' dir='ltr'><strong>quam</strong></span> 
     </span>
     <span class='ocr_line' id='line_1_25' title="bbox 212 3329 1224 3434; baseline 0 -24"><span class='ocrx_word' id='word_1_191' title='bbox 212 3347 415 3431; x_wconf 80' lang='lat' dir='ltr'><strong>Hyperidem</strong></span> <span class='ocrx_word' id='word_1_192' title='bbox 429 3359 484 3406; x_wconf 90' lang='lat' dir='ltr'><strong>aut</strong></span> <span class='ocrx_word' id='word_1_193' title='bbox 500 3344 772 3424; x_wconf 88' lang='lat' dir='ltr'><strong>Demosthenem,</strong></span> <span class='ocrx_word' id='word_1_194' title='bbox 796 3347 959 3431; x_wconf 87' lang='lat' dir='ltr'><strong>perfectos</strong></span> <span class='ocrx_word' id='word_1_195' title='bbox 978 3349 1048 3434; x_wconf 90' lang='lat' dir='ltr'><strong>jam</strong></span> <span class='ocrx_word' id='word_1_196' title='bbox 1072 3329 1224 3413; x_wconf 78' lang='lat' dir='ltr'><strong>homines</strong></span> 
     </span>
    </p>

    <p class='ocr_par' dir='ltr' id='par_1_8' title="bbox 136 3467 1222 3791">
     <span class='ocr_line' id='line_1_26' title="bbox 136 3467 1219 3561; baseline 0.005 -29"><span class='ocrx_word' id='word_1_197' title='bbox 136 3526 140 3532; x_wconf 89' lang='lat'>.</span> <span class='ocrx_word' id='word_1_198' title='bbox 211 3472 244 3534; x_wconf 76' lang='lat' dir='ltr'><strong>ir</strong></span> <span class='ocrx_word' id='word_1_199' title='bbox 266 3469 406 3532; x_wconf 87' lang='lat' dir='ltr'><strong>dicendo</strong></span> <span class='ocrx_word' id='word_1_200' title='bbox 422 3467 667 3551; x_wconf 84' lang='lat' dir='ltr'><strong>etperpolitos:</strong></span> <span class='ocrx_word' id='word_1_201' title='bbox 690 3471 744 3531; x_wconf 85' lang='lat' dir='ltr'><strong>vel</strong></span> <span class='ocrx_word' id='word_1_202' title='bbox 767 3486 896 3535; x_wconf 86' lang='lat' dir='ltr'><strong>nostros</strong></span> <span class='ocrx_word' id='word_1_203' title='bbox 921 3475 1139 3554; x_wconf 85' lang='lat' dir='ltr'><strong>decemviros,</strong></span> <span class='ocrx_word' id='word_1_204' title='bbox 1161 3475 1219 3561; x_wconf 86' lang='lat' dir='ltr'><strong>qui</strong></span> 
     </span>
     <span class='ocr_line' id='line_1_27' title="bbox 211 3583 1218 3677; baseline 0.008 -26"><span class='ocrx_word' id='word_1_205' title='bbox 211 3583 279 3651; x_wconf 75' lang='lat' dir='ltr'><strong>iili</strong></span> <span class='ocrx_word' id='word_1_206' title='bbox 293 3584 419 3649; x_wconf 85' lang='lat' dir='ltr'><strong>tabulas</strong></span> <span class='ocrx_word' id='word_1_207' title='bbox 432 3583 699 3668; x_wconf 86' lang='lat' dir='ltr'><strong>perscripserunt,</strong></span> <span class='ocrx_word' id='word_1_208' title='bbox 722 3607 804 3668; x_wconf 91' lang='lat' dir='ltr'><strong>quos</strong></span> <span class='ocrx_word' id='word_1_209' title='bbox 817 3610 949 3655; x_wconf 85' lang='lat' dir='ltr'><strong>necesse</strong></span> <span class='ocrx_word' id='word_1_210' title='bbox 966 3604 1016 3653; x_wconf 90' lang='lat' dir='ltr'><strong>est</strong></span> <span class='ocrx_word' id='word_1_211' title='bbox 1028 3591 1128 3658; x_wconf 85' lang='lat' dir='ltr'><strong>fuisse</strong></span> <span class='ocrx_word' id='word_1_212' title='bbox 1142 3615 1218 3677; x_wconf 84' lang='lat' dir='ltr'><strong>pru·</strong></span> 
     </span>
     <span class='ocr_line' id='line_1_28' title="bbox 210 3703 1222 3791; baseline 0.009 -22"><span class='ocrx_word' id='word_1_213' title='bbox 210 3703 335 3785; x_wconf 81' lang='lat' dir='ltr'><strong>dentes,</strong></span> <span class='ocrx_word' id='word_1_214' title='bbox 359 3719 556 3788; x_wconf 87' lang='lat' dir='ltr'><strong>anteponant</strong></span> <span class='ocrx_word' id='word_1_215' title='bbox 570 3704 604 3767; x_wconf 89' lang='lat' dir='ltr'><strong>in</strong></span> <span class='ocrx_word' id='word_1_216' title='bbox 625 3705 690 3767; x_wconf 90' lang='lat' dir='ltr'><strong>hoc</strong></span> <span class='ocrx_word' id='word_1_217' title='bbox 715 3729 833 3791; x_wconf 87' lang='lat' dir='ltr'><strong>genere</strong></span> <span class='ocrx_word' id='word_1_218' title='bbox 861 3724 894 3772; x_wconf 88' lang='lat' dir='ltr'><strong>et</strong></span> <span class='ocrx_word' id='word_1_219' title='bbox 918 3710 1036 3775; x_wconf 85' lang='lat' dir='ltr'><strong>Servio</strong></span> <span class='ocrx_word' id='word_1_220' title='bbox 1052 3711 1164 3778; x_wconf 70' lang='lat' dir='ltr'><strong>Galba</strong></span> <span class='ocrx_word' id='word_1_221' title='bbox 1189 3729 1222 3779; x_wconf 86' lang='lat' dir='ltr'><strong>et</strong></span> 
     </span>
    </p>
   </div>
   <div class='ocr_carea' id='block_1_6' title="bbox 1100 3857 1214 3902">
    <p class='ocr_par' dir='ltr' id='par_1_9' title="bbox 1100 3857 1214 3902">
     <span class='ocr_line' id='line_1_29' title="bbox 1100 3857 1214 3902; baseline 0.035 -4"><span class='ocrx_word' id='word_1_222' title='bbox 1100 3857 1214 3902; x_wconf 67' lang='grc' dir='ltr'><strong>8006Υο</strong></span> 
     </span>
    </p>
   </div>
   <div class='ocr_carea' id='block_1_7' title="bbox 239 4101 1294 4179">
    <p class='ocr_par' dir='ltr' id='par_1_10' title="bbox 239 4101 1294 4179">
     <span class='ocr_line' id='line_1_30' title="bbox 239 4101 1294 4179; baseline 0.018 -31"><span class='ocrx_word' id='word_1_223' title='bbox 239 4101 253 4128; x_wconf 77' lang='lat'><strong><em>&#39;</em></strong></span> <span class='ocrx_word' id='word_1_224' title='bbox 272 4102 420 4167; x_wconf 63' lang='lat' dir='ltr'><strong>Gymnesios</strong></span> <span class='ocrx_word' id='word_1_225' title='bbox 431 4105 513 4169; x_wconf 83' lang='lat' dir='ltr'><strong>places</strong></span> <span class='ocrx_word' id='word_1_226' title='bbox 523 4106 548 4154; x_wconf 87' lang='lat' dir='ltr'><strong>in</strong></span> <span class='ocrx_word' id='word_1_227' title='bbox 556 4108 763 4168; x_wconf 84' lang='lat' dir='ltr'><strong>ancientGreece‚</strong></span> <span class='ocrx_word' id='word_1_228' title='bbox 781 4111 865 4159; x_wconf 84' lang='lat' dir='ltr'><strong>where</strong></span> <span class='ocrx_word' id='word_1_229' title='bbox 874 4111 1003 4169; x_wconf 85' lang='lat' dir='ltr'><strong>wrestlers,</strong></span> <span class='ocrx_word' id='word_1_230' title='bbox 1012 4111 1056 4161; x_wconf 77' lang='lat' dir='ltr'><strong>lte.</strong></span> <span class='ocrx_word' id='word_1_231' title='bbox 1077 4111 1217 4179; x_wconf 81' lang='lat' dir='ltr'><strong>performed</strong></span> <span class='ocrx_word' id='word_1_232' title='bbox 1291 4137 1294 4141; x_wconf 92' lang='grc'><em>·</em></span> 
     </span>
    </p>
   </div>
   <div class='ocr_carea' id='block_1_8' title="bbox 208 4206 1216 4379">
    <p class='ocr_par' dir='ltr' id='par_1_11' title="bbox 208 4206 1216 4379">
     <span class='ocr_line' id='line_1_31' title="bbox 210 4206 1216 4284; baseline 0.01 -27"><span class='ocrx_word' id='word_1_233' title='bbox 210 4206 272 4257; x_wconf 66' lang='lat' dir='ltr'><strong>bats</strong></span> <span class='ocrx_word' id='word_1_234' title='bbox 289 4206 319 4256; x_wconf 88' lang='lat' dir='ltr'><strong>of</strong></span> <span class='ocrx_word' id='word_1_235' title='bbox 334 4209 445 4273; x_wconf 78' lang='lat' dir='ltr'><strong>activity.</strong></span> <span class='ocrx_word' id='word_1_236' title='bbox 479 4212 536 4259; x_wconf 80' lang='lat' dir='ltr'><strong>The</strong></span> <span class='ocrx_word' id='word_1_237' title='bbox 546 4211 616 4262; x_wconf 81' lang='lat' dir='ltr'><strong>word</strong></span> <span class='ocrx_word' id='word_1_238' title='bbox 625 4216 691 4275; x_wconf 87' lang='lat' dir='ltr'><strong>here,</strong></span> <span class='ocrx_word' id='word_1_239' title='bbox 714 4230 741 4266; x_wconf 81' lang='lat' dir='ltr'><strong>ar</strong></span> <span class='ocrx_word' id='word_1_240' title='bbox 752 4216 772 4265; x_wconf 85' lang='lat' dir='ltr'><strong>it</strong></span> <span class='ocrx_word' id='word_1_241' title='bbox 781 4213 849 4267; x_wconf 82' lang='lat' dir='ltr'><strong>often</strong></span> <span class='ocrx_word' id='word_1_242' title='bbox 860 4216 926 4278; x_wconf 85' lang='lat' dir='ltr'><strong>does,</strong></span> <span class='ocrx_word' id='word_1_243' title='bbox 945 4217 1055 4284; x_wconf 65' lang='lat' dir='ltr'><strong>signifiat</strong></span> <span class='ocrx_word' id='word_1_244' title='bbox 1068 4221 1172 4279; x_wconf 84' lang='lat' dir='ltr'><strong>schools,</strong></span> <span class='ocrx_word' id='word_1_245' title='bbox 1192 4219 1216 4267; x_wconf 77' lang='grc' dir='ltr'><strong>ἰι</strong></span> 
     </span>
     <span class='ocr_line' id='line_1_32' title="bbox 208 4305 590 4379; baseline 0.005 -17"><span class='ocrx_word' id='word_1_246' title='bbox 208 4309 291 4362; x_wconf 67' lang='lat' dir='ltr'><strong>which</strong></span> <span class='ocrx_word' id='word_1_247' title='bbox 300 4305 422 4363; x_wconf 77' lang='lat' dir='ltr'><strong>literature</strong></span> <span class='ocrx_word' id='word_1_248' title='bbox 433 4329 486 4363; x_wconf 41' lang='lat' dir='ltr'><strong>uras</strong></span> <span class='ocrx_word' id='word_1_249' title='bbox 496 4316 590 4379; x_wconf 61' lang='lat' dir='ltr'><strong>tetigus</strong></span> 
     </span>
    </p>
   </div>
   <div class='ocr_carea' id='block_1_9' title="bbox 0 0 1408 4950">
    <p class='ocr_par' dir='ltr' id='par_1_12' title="bbox 0 0 1408 4950">
     <span class='ocr_line' id='line_1_33' title="bbox 0 0 1408 4950; baseline 0 0"><span class='ocrx_word' id='word_1_250' title='bbox 0 0 1408 4950; x_wconf 95' lang='lat' dir='ltr'><strong> </strong></span> 
     </span>
    </p>
   </div>
  </div>
 </body>
</html>
