2742 4950
188 403 231 462 52
472 386 897 453 DsO'usrou

186 576 314 626 sensum
327 554 574 618 accommodata
594 553 712 617 omnia·
717 571 835 638 genera
847 552 944 638 hujus
959 552 1098 618 forensis
1112 574 1206 619 nos-

182 699 239 746 trae
249 657 415 746 dictionis.
460 682 520 744 Sin
535 697 706 758 autemea,
719 700 789 762 quae
804 679 975 743 observata
989 692 1063 741 sunt
1077 679 1111 740 in
1126 684 1222 744 usu'·

181 822 218 864 ac
232 800 357 864 ratione
373 801 517 879 dicendi,
539 801 604 869 haec
619 801 658 862 ab
681 799 871 863 hominibus
886 797 1009 863 callidis
1023 819 1060 861 ac
1073 799 1214 881 peritis

182 921 412 987 animadversa
445 945 481 987 ac
506 936 628 1002 notata,
661 922 767 987 verbis
801 921 993 1005 designata,
1014 917 1206 1004 generibus

181 1047 354 1130 illustrata,
367 1054 512 1135 partibus
526 1051 699 1117 distributa
710 1064 784 1113 sunt
797 1050 848 1141 (id
861 1051 949 1132 quod
960 1045 1030 1111 fieri
1042 1044 1202 1129 potuisse

181 1171 316 1255 ride03)
339 1196 404 1236 non
426 1174 585 1257 intelligo,
609 1172 821 1255 quamobrem
843 1193 919 1249 non,
945 1171 973 1233 si
999 1169 1106 1231 minus
1132 1154 1207 1229 illa

182 1291 294 1356 subtili
307 1292 506 1372 definitione,
518 1304 551 1356 at
563 1293 623 1355 hac
637 1294 764 1376 vulgari
779 1292 932 1373 opinione
947 1285 998 1352 ats
1011 1310 1082 1382 esse
1094 1289 1200 1352 vide-

179 1424 264 1476 atur.
307 1414 375 1478 Sed
397 1412 468 1476 sive
492 1425 542 1478 est
555 1432 617 1491 ars,
644 1412 713 1476 sive
727 1409 805 1472 artis
819 1412 970 1491 quaedam
992 1410 1200 1489 similitudo,i
1265 1473 1267 1476 Α
1346 1394 1347 1411 ¹

180 1552 245 1595 uon
271 1545 321 1595 est
344 1533 478 1616 quidem
501 1553 540 1598 ea
562 1530 782 1615 negligenda3
803 1546 918 1594 verum
942 1527 1212 1612 intelligendum·

180 1642 242 1727 est,
264 1649 328 1715 alia
348 1651 499 1735 quaedam
523 1651 565 1714 ad
590 1651 853 1732 consequendam
879 1647 1098 1732 eloquentiam
1118 1668 1199 1712 esse

183 1771 321 1858 majora.

173 1990 178 1995 ¹
226 2014 394 2109 ixxlv.
441 2018 531 2079 Tum
546 2016 711 2081 Antonius
732 2019 943 2080 vehementer
967 2036 1003 2078 se
1029 2012 1194 2079 assentire

183 2128 303 2191 Crasso
317 2128 413 2208 dixit,
434 2133 523 2211 quod
535 2154 642 2215 neque
656 2137 704 2201 ita
723 2140 972 2219 amplecteretur
983 2153 1097 2219 artem,
1120 2151 1156 2202 ut
1171 2138 1201 2199 ii
1234 2134 1240 2151 “

181 2253 335 2334 solerent,
360 2254 416 2338 qui
440 2262 573 2322 omnem'
604 2261 674 2322 vim
699 2261 830 2326 dicendi
855 2263 888 2324 iu
917 2279 983 2327 arte
1015 2277 1201 2346 ponerent;

182 2393 289 2460 neque
323 2397 551 2443 rursumeam
570 2371 689 2461 totam,
723 2380 807 2444 sicut
833 2381 979 2466 plerique
1005 2382 1197 2467 philosophi

183 2502 339 2596 fecerent,
352 2505 546 2588 repudiaret.
591 2508 659 2571 Sed
672 2507 837 2588 existisse,
863 2509 979 2593 inquit,
1006 2519 1135 2593 gratum
1157 2521 1195 2570 te

183 2626 250 2701 his,
274 2627 402 2703 Crasse,
433 2627 607 2706 facturum,
625 2633 653 2693 si
668 2632 730 2695 ista
743 2632 943 2716 exposueris,
957 2643 1133 2715 quae'putas
1149 2632 1196 2693 ad

182 2742 358 2806 dicendum
385 2744 468 2828 plus,
500 2768 598 2828 quam
626 2747 730 2828 ipsam
762 2765 866 2812 artem
898 2771 991 2832 posse
1027 2754 1194 2835 prodesse.

155 2875 160 2887 '
186 2866 306 2936 Dicam
330 2868 495 2952 equidem,
519 2868 672 2949 quoniam
692 2869 829 2949 institui,
855 2885 1026 2955 petamque
1051 2898 1070 2937 a
1090 2875 1199 2957 vobis,

184 2988 300 3073 inquit,
313 3012 353 3056 ne
364 2992 423 3054 has
437 3010 526 3052 meas
542 2988 677 3072 ineptias
692 2989 850 3052 efferatis:
867 3012 1065 3075 quamquam
1080 2998 1195 3057 mode-

184 3111 290 3175 rabor'
304 3114 385 3199 ipse,
408 3134 460 3191 ne,
484 3125 521 3175 ut
544 3111 681 3195 quidam·
698 3111 855 3193 magister
867 3124 963 3193 atque
978 3109 1109 3191 artifex,
1134 3111 1201 3176 sed'

189 3234 282 3312 quasi
302 3257 384 3297 unus
406 3249 622 3318 etogatorum
646 3249 793 3311 numero,
820 3245 915 3315 atque
941 3253 982 3294 ex
994 3232 1116 3295 forensi
1131 3256 1195 3297 usu

186 3339 287 3415 homo
314 3356 489 3421 mediocris
514 3378 618 3438 neque
640 3358 773 3421 omnino
786 3358 889 3434 rudis,
910 3357 1025 3421 videar
1044 3377 1110 3420 non
1124 3359 1193 3443 ipse
1257 3383 1260 3392 ·
1277 3367 1281 3384 ¹

188 3484 313 3570 aliquid
334 3500 353 3542 a
372 3497 425 3540 me
443 3476 631 3559 prolusisse,
655 3479 713 3542 sed
726 3478 861 3540 fortuito
877 3479 909 3541 in
923 3493 1106 3545 sermonem
1120 3501 1191 3541 ves-

186 3624 274 3672 trum
286 3602 452 3667 incidisse.
499 3597 676 3679 Equidem,
701 3619 775 3661 curn
800 3613 943 3683 peterem
969 3601 1188 3686 magistratus,

186 3728 332 3793 solebam
346 3725 378 3786 in
391 3697 610 3808 prensando*
622 3721 785 3786 dimittere
802 3742 889 3785 ame
905 3723 1095 3804 Scaevolam,
1119 3750 1191 3792 cum

1159 3851 1189 3913 ei

217 4094 230 4121 ⁹
250 4092 378 4155 Amongst
386 4092 429 4139 the
438 4090 535 4140 ancient
546 4090 671 4149 Romans,
682 4091 702 4138 it
711 4104 765 4138 was
775 4098 914 4153 customary
927 4090 967 4154 fop
976 4093 1046 4141 those
1056 4094 1116 4141 who
1127 4094 1194 4143 stood

183 4191 326 4242 candidates
336 4179 376 4241 for
381 4191 463 4256 public
477 4190 558 4242 offioes
567 4200 595 4239 to
605 4188 662 4266 talne
672 4192 775 4240 citizetrs
784 4192 815 4254 by
828 4193 870 4239 the
879 4190 954 4249 hand,
974 4190 1024 4240 and
1035 4193 1114 4245 solicit
1131 4198 1193 4246 their

185 4295 310 4360 suffragcs.
343 4300 399 4350 The
407 4297 477 4348 word
482 4297 608 4366 pamutdo
618 4301 676 4348 here
687 4298 786 4364 implies
795 4301 845 4360 this
855 4299 916 4352 kind
926 4299 956 4352 of
963 4300 1091 4367 soliciting.
