2742 4950
358 382 368 404 ’
489 386 701 483 senas„
734 411 784 474 11.
829 417 881 476 u.
1121 426 1187 484 rsa

175 554 334 658 versatim,
346 598 388 642 ex
399 596 535 642 numero
549 578 735 664 accepimus
750 571 879 659 eorum,
899 580 955 664 qui
970 601 1100 647 caussas
1113 585 1186 651 dic·

178 702 358 777 titarunt3*
380 704 484 767 ethos
496 704 602 768 libros
621 718 693 768 tum
718 703 904 789 scripsisse,
916 707 1050 790 dicitur,
1070 733 1146 778 cum
1167 737 1191 779 a

179 825 360 908 Republica
370 843 529 910 remotus,
556 843 665 914 atque,
692 826 727 892 id
748 831 836 912 quod
851 830 975 914 optimo
1004 836 1118 919 cuique
1137 837 1187 900 A·

174 946 282 1011 thenis
296 947 445 1011 accidere
478 948 610 1013 solitum
635 962 695 1030 est,
718 949 752 1011 in
776 951 929 1016 exsilium
959 956 1069 1038 pulsus
1091 970 1192 1022 esset.

176 1067 277 1132 Hune
304 1084 497 1132 consecutus
524 1086 574 1133 est
598 1071 795 1154 Syracusius
824 1072 993 1153 Philistus,
1019 1075 1088 1158 qui,
1116 1093 1191 1138 cum

178 1191 336 1275 Dionysii
369 1193 501 1276 tyranni
535 1193 811 1260 familiarissimus
837 1213 934 1278 esset,
968 1200 1071 1263 otium
1094 1219 1191 1263 suum

170 1312 357 1374 consumsit
369 1314 406 1374 in
418 1313 558 1378 historia
571 1315 1195 1407 scribenda,maximequeThucydidem

171 1445 239 1510 est,
258 1432 342 1493 sicut
352 1432 433 1494 mihi
453 1434 595 1515 videtur,
611 1436 767 1501 imitatus.
814 1439 934 1506 Postea
944 1465 1034 1524 vero,
1047 1445 1138 1529 quasi
1148 1467 1189 1508 ex

173 1551 367 1616 clarissima
392 1553 534 1617 rhetoris
559 1557 696 1637 officina,
730 1544 796 1623 duo
819 1576 1011 1645 praestantes
1044 1565 1188 1663 iugenio,

175 1671 413 1759 Theopompus
438 1689 470 1737 et
484 1669 646 1758 Ephorus,
656 1678 696 1739 ab
710 1678 852 1743 Isocrate
865 1684 1021 1768 magistro
1045 1686 1192 1771 impulsi,

117 1820 119 1829 ν
172 1811 208 1851 se
221 1792 262 1852 ad
274 1788 445 1853 historiam
459 1791 666 1856 contulerunt
680 1819 692 1868 ;
714 1814 845 1859 caussas
857 1798 993 1861 omnino
1006 1818 1189 1883 numquam

178 1909 369 1995 attigerunt.

224 2158 237 2233 i
262 2161 359 2228 XIV.
405 2161 557 2242 Denique
582 2162 681 2226 etiarn
700 2183 729 2249 'a
761 2164 988 2249 philosophia†
1021 2166 1189 2251 profectus

180 2272 334 2359 princeps
348 2277 540 2362 Xenophon,
555 2280 740 2346 Socraticus
754 2282 808 2345 ille
822 2312 833 2360 ς
854 2298 930 2368 post
953 2286 993 2347 ab
1007 2260 1190 2352 Aristotele
1251 2304 1254 2311 ’

183 2395 402 2478 calisthenes,
426 2422 536 2463 comes
560 2400 756 2479 Alexandri,
780 2405 911 2489 scripsit
932 2404 1126 2481 historium3
1156 2421 1191 2472 et

77 2491 78 2494 Ἴ
176 2516 233 2582 hic
258 2522 391 2613 quidem
414 2505 581 2588 rhetorico
603 2544 690 2606 pane
714 2543 829 2598 more;
851 2526 904 2591 ille
919 2541 1028 2591 autem
1041 2531 1191 2613 superior

176 2640 303 2707 leniore
328 2646 577 2728 quodamsono
603 2657 652 2707 est
664 2665 756 2724 usus,
779 2661 812 2712 et
836 2651 893 2732 qui
915 2651 1006 2716 sslum
1032 2653 1190 2738 impetum

176 2764 322 2847 oratoris
354 2784 421 2824 non
444 2763 565 2827 habeat
578 2791 590 2839 ς
623 2767 795 2832 vehemens
821 2771 961 2860 sortasse
987 2777 1106 2859 minus,
1131 2783 1192 2846 seu

180 2881 352 2964 aliquanto
364 2898 472 2950 tamen
487 2901 547 2966 est,
573 2900 608 2951 ut
622 2890 701 2953 mihi
724 2892 857 2974 quidem
879 2897 1021 2977 videtur,
1048 2903 1186 2967 dulcior.

173 3005 340 3069 Minimus
355 3022 435 3072 natu
449 3011 571 3074 horum
587 3016 732 3078 omnium
743 3018 902 3098 Timaeus,
915 3036 1070 3101 quantum
1079 3007 1191 3091 autern

173 3124 326 3209 judicare
340 3149 487 3213 possum,
499 3132 595 3218 longe
610 3135 864 3212 eruditissimus,
878 3148 911 3199 et
922 3157 1031 3200 rerum
1044 3145 1138 3226 copia
1156 3164 1190 3211 et

175 3247 416 3311 sententiarum
429 3250 589 3316 varietate
600 3252 910 3335 abundantissimus,
933 3228 966 3320 et
977 3258 1048 3347 ipsa
1060 3283 1193 3353 compo.

181 3364 302 3442 sitione
315 3370 489 3432 verborum
509 3392 575 3433 non
594 3372 773 3456 impolitus,
796 3397 948 3462 magnam
970 3382 1192 3468 eloquentiam

180 3486 226 3550 ad
240 3486 446 3553 scribendum
460 3492 578 3571 attulit,
592 3495 650 3559 sed
659 3495 784 3560 nullum
790 3522 893 3564 »usum
901 3502 1073 3571 forensem.
1107 3511 1190 3579 Haec

180 3585 256 3673 eum
272 3609 327 3674 ille
343 3611 491 3696 dixisset,
505 3619 598 3693 Quid
612 3636 673 3700 est,
694 3622 811 3707 inquit,
836 3624 963 3705 Catule,
978 3627 1109 3699 Caesar?
1131 3631 1189 3704 ubi

179 3743 266 3806 sunt,
280 3730 336 3813 qui
350 3733 536 3799 Antonium
545 3740 655 3807 Graece
667 3756 788 3826 negant
798 3744 902 3808 scire?
926 3764 1004 3830 quot
1014 3752 1191 3829 historicos
1253 3763 1256 3800 ³

178 3853 387 3917 nominavit?
412 3841 511 3941 quam
522 3860 674 3945 scienter,
688 3887 783 3947 quam
797 3868 927 3952 proprie
939 3872 979 3939 de
994 3896 1188 3973 unoquoque

552 3986 584 4049 R
704 4075 709 4084 ι
737 4003 748 4026 ”
1076 4007 1187 4073 dixitl

207 4148 220 4175 '
239 4148 288 4217 Qu·
298 4153 541 4209 mendicatarum.
577 4164 906 4238 Whofrequentlyplcaded
923 4174 950 4227 in
968 4188 1055 4232 courtt.
1091 4143 1202 4228 Dicaea)

176 4246 399 4318 infrementem
408 4262 476 4312 verb.
664 4245 691 4354 f

178 4350 185 4361 ’
208 4353 224 4416 t
241 4355 433 4434 Apcraopua,
448 4366 464 4418 t.
476 4382 497 4419 e.
516 4369 584 4426 nom
600 4376 642 4428 ue
658 4357 743 4433 asts
758 4377 789 4432 or
800 4381 962 4453 puuosoppy.
