2742 4950
187 342 230 403 ss
472 328 895 392 DaOnAroaz

185 523 223 566 ra
233 498 331 565 totius
344 497 409 558 oris
422 509 455 560 et
467 495 638 578 corporis?
669 494 787 578 Neque
799 492 869 554 haec
892 493 939 556 ita
961 493 1049 572 dico,
1074 509 1113 559 ut
1140 516 1216 560 ars

185 616 309 698 aliquid
328 614 442 676 limare
461 630 527 674 non
539 611 643 697 possit
667 611 899 702 (nequeenim
921 611 1036 696 ignoro
1060 623 1094 673 et
1116 633 1217 694 quae
1270 666 1284 677 ,

183 734 267 796 bona
278 732 354 809 sint,
367 730 437 794 lieri
451 730 590 794 meliora
600 751 696 814 posse
709 730 868 809 doctrina,
891 745 1004 812 etqua
1025 750 1092 791 non
1106 731 1222 812 opti.

183 870 247 931 ma,
270 849 379 931 aliquo
393 848 492 911 modo
506 846 578 911 acui
589 861 701 912 tamen
715 860 748 911 et
761 848 882 933 corrigi
895 868 989 932 posse
1001 847 1026 932 ς)
1042 830 1101 911 sed
1114 861 1220 911 sunt

183 969 318 1053 quidam
341 982 397 1032 aut
416 969 462 1032 ita
484 968 597 1054 lingua
608 969 805 1050 haesitantes,
833 985 888 1039 aut
912 972 958 1035 ita
969 993 1051 1035 voce
1065 971 1219 1050 absoni,

184 1105 241 1156 aut
262 1092 308 1155 ita
319 1091 414 1155 vultu
431 1104 588 1175 motuque
603 1093 747 1176 corporis
759 1094 842 1156 vasti
863 1108 960 1177 atque
975 1108 1129 1179 agrestes,
1159 1106 1215 1156 ut

182 1213 312 1280 etiamsi
327 1214 466 1296 ingeniis
479 1226 577 1295 atque
592 1228 659 1277 arte
684 1214 824 1295 valeant,
842 1220 1001 1281 tamenin
1024 1231 1216 1282 oratorum

182 1361 354 1404 numerum
367 1337 477 1402 venire
490 1359 558 1400 non
568 1339 703 1422 possint.
750 1340 834 1401 Sunt
854 1354 968 1405 autem'
987 1344 1121 1426 quidam
1146 1345 1213 1410 ita

184 1463 219 1524 in
232 1462 350 1524 iisdem
361 1460 459 1551 rebus
474 1461 612 1539 habiles,
630 1459 676 1522 ita
688 1472 810 1522 naturas
824 1461 1013 1525 muneribus
1028 1469 1148 1543 ornati,
1168 1481 1216 1533 ut

183 1601 251 1643 uon
263 1580 343 1657 nati,
368 1584 427 1643 sed
441 1580 480 1641 ab
495 1581 604 1664 aliquo
618 1580 680 1642 deo
695 1581 762 1642 ficti
776 1602 846 1644 esse
865 1579 1049 1645 videantur.
1096 1583 1214 1669 Mag.

183 1722 264 1766 num
281 1702 446 1786 quoddam
461 1715 510 1763 est
533 1722 614 1765 onus
639 1714 734 1784 atque
755 1723 885 1780 munus,
911 1702 1074 1785 suscipere
1095 1680 1207 1788 atque

183 1824 329 1907 profiteri
339 1844 373 1886 se
388 1843 472 1900 esse,
491 1820 644 1885 omnibus
661 1821 844 1901 silentibus,
863 1840 964 1885 unum
980 1823 1135 1888 maximis
1152 1830 1206 1894 de

183 1948 281 2013 rebus
292 1967 411 2030 magno
424 1946 458 2008 in
473 1958 633 2011 conventu
655 1944 827 2008 hominum
848 1945 1069 2035 audiendum:
1094 1949 1204 2015 adest

184 2067 274 2129 anim
294 2066 363 2127 fere
387 2084 496 2140 nem0,
521 2066 600 2145 quin
634 2067 760 2128 acutius
795 2079 889 2149 atque
908 2067 1027 2157 acrius
1051 2071 1136 2135 vitia
1166 2075 1210 2136 in

185 2186 326 2263 dicente,
350 2203 447 2266 quam
468 2195 558 2242 recta
580 2182 716 2243 videat:
740 2184 786 2244 ita
811 2189 970 2267 quicquid
991 2207 1053 2272 est,
1078 2196 1206 2279 inquo

186 2300 371 2381 offenditur,
397 2300 432 2371 id
455 2299 556 2364 etiam
582 2297 647 2376 illa,
682 2321 749 2381 quae
772 2300 936 2364 laudanda
961 2322 1047 2385 sunt,
1074 2315 1204 2382 obruit.

189 2432 309 2515 Neque
330 2428 401 2495 haec
427 2427 461 2489 in
483 2447 555 2492 earn
580 2425 774 2492 sententiam
800 2424 943 2511 disputo,
973 2434 1016 2493 'ut
1040 2432 1200 2502 homines

187 2556 426 2629 adolescentes,
435 2553 546 2634 siquid
558 2555 701 2619 naturale
710 2554 792 2618 forte
805 2575 872 2616 non
881 2555 1032 2635 habeant,
1058 2555 1200 2621 omnino

167 2655 208 2741 'a
224 2678 356 2750 dicendi
378 2666 489 2757 studio
510 2676 702 2739 deterream.
749 2679 835 2753 Quis
848 2680 937 2743 enim
946 2700 1013 2740 non
1024 2680 1127 2759 videt,
1150 2682 1194 2743 C.
1218 2724 1222 2729 -

189 2796 289 2859 Coelio
303 2794 413 2877 aquali
429 2813 514 2870 meo,
541 2814 660 2876 magno
684 2794 801 2856 honori
818 2793 926 2857 'fuisse
951 2801 1086 2863 omnino
1107 2803 1202 2865 illam

186 2916 302 2999 ipsam,
337 2929 574 3004 quamcumque
610 2912 738 2993 assequi
773 2915 927 2995 potuerit,
971 2916 1007 2976 in
1051 2920 1198 2984 dicendo
1227 2992 1232 3006 Ι

187 3033 470 3099 mediocritatem?
507 3029 593 3106 Quis
618 3044 763 3094 vestrum
787 3033 940 3112 aqualem
968 3033 1023 3108 (l
1039 3040 1196 3121 Varium,

188 3174 318 3224 vastum
337 3157 510 3223 hominem
523 3171 619 3240 atque
632 3154 764 3233 foedum,
789 3149 853 3215 non
875 3154 1029 3241 intelligit
1045 3159 1100 3223 illa
1123 3163 1197 3247 ipsa

187 3276 352 3352 facultate,
366 3280 604 3356 quamcumque
622 3274 732 3354 habet,
755 3294 907 3358 magnam
925 3297 996 3339 esse
1012 3276 1195 3349 incivitate

190 3391 331 3475 gratiam
342 3389 574 3453 consecutum?
629 3467 630 3470 Ἴ

233 3634 247 3708 l
268 3632 399 3698 XXVI.
446 3631 521 3710 Sed,
539 3633 615 3714 quia
628 3633 670 3694 de
684 3644 810 3697 oratore
826 3633 1007 3715 quaerimus,
1020 3637 1191 3721 fingendus

190 3762 241 3812 est
251 3748 344 3810 nobis
356 3748 500 3811 oratione
512 3760 623 3813 nostra
633 3739 785 3816 detractis
793 3752 945 3815 omnibus
955 3750 1045 3815 vitiis
1070 3770 1192 3835 orator,

190 3885 286 3953 atque
298 3870 388 3933 omni
399 3870 496 3934 laude
510 3872 715 3937 cumulatus:
738 3893 845 3955 neque
871 3872 970 3952 enim,
996 3873 1023 3935 si
1049 3874 1193 3937 multitu·

190 3995 234 4060 do
247 3992 368 4073 litium,
382 3995 410 4057 si
424 3995 564 4059 varietas
578 4016 775 4073 caussarum,
789 3996 816 4057 si
827 3995 897 4062 haec
917 3996 1012 4056 turba
1032 4008 1064 4058 et
1079 3993 1190 4055 barba·
1208 4057 1209 4064 χ

154 4129 173 4209 κ’
194 4116 243 4179 ria
256 4115 392 4181 sorensis
401 4121 455 4182 dat
465 4119 575 4182 locum
587 4120 640 4184 vel
650 4118 872 4182 vitiosissimis
885 4117 1081 4197 oratoribus,
1093 4115 1190 4182 idcir-

1151 4251 1190 4292 co
