2742 4950
224 442 269 502 ss
475 422 937 496 brocares!

225 622 299 666 cum
311 598 539 681 interrogatus,
552 596 702 660 Socrates
716 596 999 696 esset‚respondit,
1012 622 1081 665 sese
1094 605 1223 670 metuis·

222 751 268 807 se,
279 740 315 791 ut
327 722 530 813 amplissimis
540 723 709 791 honoribus
722 738 752 789 et
760 726 901 812 premiis
912 726 1128 805 decoraretur,
1143 745 1176 793 et
1192 742 1227 797 ut

221 854 251 916 ei
263 853 364 917 victus
375 836 576 938 quotidianus
588 832 630 913 'in
655 847 846 935 Prytaneo*
864 847 985 936 publice
1002 844 1227 937 preberetur:

225 972 282 1062 qui
292 975 396 1054 honos
410 972 495 1056 apud
506 973 636 1036 Graecos
649 971 812 1035 maximus
823 972 1005 1036 haberetur.
1051 972 1154 1059 Cujus
1175 993 1230 1035 re·

223 1121 343 1186 sponso
357 1098 404 1162 sic
411 1097 540 1184 judices
554 1102 758 1179 e'xarserunt,
770 1112 806 1162 ut
818 1099 932 1182 capitis
944 1100 1111 1166 hominem
1136 1100 1232 1166 inno·

222 1221 447 1287 centissimum
460 1220 737 1282 condemnarent:
773 1218 829 1300 qui
853 1218 985 1301 quidem
1006 1222 1033 1284 si
1058 1220 1227 1285 absolutus

224 1354 310 1413 esset
323 1337 428 1430 (quod
440 1337 637 1414 mehercule,
647 1338 776 1402 etiamsi
787 1338 871 1400 nihil
884 1343 926 1405 ad
938 1361 998 1402 nos
1020 1342 1171 1425 pertinet,
1183 1353 1230 1405 ta·

220 1483 298 1526 men
309 1476 440 1548 propter
447 1464 517 1550 ejus
531 1462 652 1548 ingenii
661 1449 1077 1548 magnitudinem'vellem)
1088 1484 1229 1548 quonam

220 1583 320 1646 modo
334 1583 414 1644 istos
426 1580 638 1665 philosophos
652 1582 737 1646 ferre
751 1566 932 1666 possemus,
950 1581 1005 1666 qui
1029 1603 1127 1661 nunc,
1153 1603 1230 1646 cum

220 1702 275 1766 ille
289 1706 460 1769 damnatus
472 1716 522 1764 est
532 1701 654 1766 nullam
666 1702 762 1765 aliam
781 1703 823 1764 ob
845 1701 1068 1786 culpam‚·nisi
1092 1717 1230 1787 propter

119 1877 126 1889 .
222 1831 352 1896 dicendi
366 1813 582 1908 inscientiam,
604 1844 714 1893 tamen
739 1850 760 1892 a
783 1850 819 1891 se
844 1840 993 1912 oportere
1017 1828 1133 1892 dicunt
1156 1829 1228 1913 peti

220 1968 381 2038 praecepta
393 1950 547 2019 dicendi?
572 1952 777 2027 Quibuscum
791 1972 853 2036 ego
878 1972 943 2023 non
967 1971 1089 2034 pugno,
1115 1965 1232 2015 utrum

219 2076 263 2138 sit
277 2075 395 2137 melius
407 2088 463 2139 aut
475 2075 609 2138 verius:
632 2089 761 2139 tantum
782 2074 869 2156 dico,
890 2090 922 2140 et
940 2074 1029 2139 aliud
1053 2074 1136 2141 illud
1158 2097 1229 2139 csse

220 2207 316 2280 atque
325 2193 400 2272 hoc,
413 2205 446 2283 et
458 2191 521 2255 hoc
534 2194 604 2258 sine
616 2194 673 2254 illo
685 2217 851 2259 summum
867 2174 937 2263 esse
960 2218 1067 2281 posse·
1091 2208 1094 2214 “

135 2382 210 2423 Ἣ
266 2437 281 2516 h
305 2437 381 2506 LV.
407 2436 517 2501 'Nam
539 2436 626 2518 quod
634 2435 689 2523 jus
702 2432 810 2514 civile,
824 2431 952 2512 Crasse,
966 2445 1034 2496 tam
1054 2434 1232 2530 uehemen-

223 2577 275 2628 ter
283 2560 452 2645 amplexus
466 2583 512 2641 es,
525 2559 624 2623 video
635 2558 715 2642 quid
732 2539 858 2643 eg'eris:
895 2557 1001 2637 tum,†
1022 2576 1125 2639 quum
1142 2559 1233 2627 dice.

221 2680 463 2759 bas,videbam.
523 2679 673 2743 Primum
687 2681 849 2745 ,Scaevolae
871 2694 904 2745 te
929 2680 1099 2761 cedidisti,
1126 2703 1229 2768 quem

221 2818 334 2863 omnes
348 2815 455 2858 amare
468 2793 677 2857 meritissimo
689 2816 747 2878 pro
760 2799 831 2880 ejus
844 2799 966 2863 eximia
992 2801 1152 2867 suavitate
1174 2802 1231 2865 de·
1289 2839 1290 2842 =

221 2921 360 2994 bemus3
385 2918 476 3006 cujus
491 2929 594 2979 artem
608 2937 683 3002 cum
693 2915 874 2980 indotatam
897 2940 968 2983 esse
996 2936 1030 2988 et
1051 2927 1232 2994 incomtam

221 3043 363 3125 videres,
374 3044 547 3107 verborum
560 3061 633 3104 eam
644 3040 719 3104 dote
732 3039 937 3124 locupletasti
950 3058 983 3107 et
1003 3050 1127 3113 ornasti
1145 3076 1155 3116 z
1177 3054 1232 3117 de.

226 3162 314 3242 inde,
328 3155 416 3248 quod
427 3161 461 3223 in
475 3182 513 3223 ea
526 3173 563 3223 tu
574 3159 645 3244 plus
659 3179 766 3244 operae
784 3158 968 3245 laborisque
991 3187 1230 3253 consumseras,

225 3300 301 3340 cum
314 3278 384 3360 ejus
394 3278 495 3340 studii
509 3276 568 3339 tibi
581 3290 613 3340 et
625 3275 773 3340 hortator
781 3290 813 3340 et
833 3279 990 3364 magister
1013 3301 1101 3351 esset
1122 3290 1227 3368 domi,
1274 3287 1278 3292 ’

221 3396 345 3461 veritus
359 3417 406 3472 es,
416 3395 480 3457 nisi
505 3394 601 3458 istam
625 3411 730 3461 artem
753 3399 898 3468 oratione
925 3426 1167 3494 exaggerasses,
1191 3431 1230 3473 ne

163 3585 166 3592 ,
224 3541 356 3605 operam
368 3519 579 3604 perdidisses.
625 3523 816 3608 Sed-egone
830 3551 904 3591 cum
918 3530 981 3594 ista
1005 3534 1140 3615 quidem
1158 3548 1226 3601 arte

223 3661 354 3725 pugno:
378 3646 421 3708 sit
429 3668 504 3709 sane
516 3637 615 3729 tanta,
628 3664 780 3733 quantam
793 3665 831 3716 tu
852 3653 941 3719 illam
961 3677 1029 3722 esse
1053 3657 1130 3723 vis:
1160 3670 1226 3723 ete·
1259 3710 1262 3716 ,

1155 3777 1224 3841 nim

250 4005 264 4032 ²
283 4006 436 4071 Prytaueum
444 4010 634 4077 wasaplacein
657 4016 764 4075 Athens,
784 4017 866 4066 where
886 4019 928 4068 the
943 4018 1079 4084 important
1098 4017 1181 4067 affairs
1199 4012 1229 4064 Οἵ

218 4116 504 4164 ttateweretrausactod.
540 4117 706 4184 Calenoict.

250 4213 266 4276 †
284 4212 368 4282 Qum
377 4213 474 4276 dicebas,
483 4217 601 4271 videbam.
636 4222 667 4270 Iu
684 4237 755 4270 some
775 4223 863 4288 copies,
874 4240 916 4275 nott
926 4225 946 4278 it
956 4222 1041 4290 placed
1052 4227 1147 4290 before
1165 4215 1230 4272 vid*

220 4320 288 4374 banc
321 4321 400 4383 Thus,
408 4339 481 4389 qaum
491 4322 589 4387 lecha,
600 4341 650 4376 non
659 4327 777 4382 videbam.
859 4308 862 4313 Ι
