<?xml version="1.0" encoding="UTF-8"?>
<!DOCTYPE html PUBLIC "-//W3C//DTD XHTML 1.0 Transitional//EN"
    "http://www.w3.org/TR/xhtml1/DTD/xhtml1-transitional.dtd">
<html xmlns="http://www.w3.org/1999/xhtml" xml:lang="en" lang="en">
 <head>
  <title>
</title>
<meta http-equiv="Content-Type" content="text/html;charset=utf-8" />
  <meta name='ocr-system' content='tesseract 3.04.00' />
  <meta name='ocr-capabilities' content='ocr_page ocr_carea ocr_par ocr_line ocrx_word'/>
</head>
<body>
  <div class='ocr_page' id='page_1' title='image "./mtulliiciceroni00smitgoog_0162.png"; bbox 0 0 2742 4950; ppageno 0'>
   <div class='ocr_carea' id='block_1_1' title="bbox 187 375 915 462">
    <p class='ocr_par' dir='ltr' id='par_1_1' title="bbox 187 375 915 462">
     <span class='ocr_line' id='line_1_1' title="bbox 187 375 915 462; baseline -0.004 -14"><span class='ocrx_word' id='word_1_1' title='bbox 187 396 247 462; x_wconf 59' lang='grc' dir='ltr'>με</span> <span class='ocrx_word' id='word_1_2' title='bbox 481 375 915 451; x_wconf 66' lang='grc' dir='ltr'>θιὈιιΑτοιε</span> 
     </span>
    </p>
   </div>
   <div class='ocr_carea' id='block_1_2' title="bbox 178 540 1210 1234">
    <p class='ocr_par' dir='ltr' id='par_1_2' title="bbox 178 540 1213 1234">
     <span class='ocr_line' id='line_1_2' title="bbox 223 540 1197 639; baseline -0.016 -16"><span class='ocrx_word' id='word_1_3' title='bbox 223 548 429 639; x_wconf 62' lang='lat' dir='ltr'>§xxxltu&#39;</span> <span class='ocrx_word' id='word_1_4' title='bbox 466 552 578 638; x_wconf 78' lang='lat' dir='ltr'>Hujus</span> <span class='ocrx_word' id='word_1_5' title='bbox 603 548 738 634; x_wconf 89' lang='lat' dir='ltr'>quidem</span> <span class='ocrx_word' id='word_1_6' title='bbox 762 547 842 624; x_wconf 84' lang='lat' dir='ltr'>loci,</span> <span class='ocrx_word' id='word_1_7' title='bbox 869 560 967 630; x_wconf 88' lang='lat' dir='ltr'>quem</span> <span class='ocrx_word' id='word_1_8' title='bbox 990 547 1097 610; x_wconf 88' lang='lat' dir='ltr'>modo</span> <span class='ocrx_word' id='word_1_9' title='bbox 1123 540 1197 608; x_wconf 80' lang='lat' dir='ltr'>sum</span> 
     </span>
     <span class='ocr_line' id='line_1_3' title="bbox 181 664 1209 755; baseline -0.02 -9"><span class='ocrx_word' id='word_1_10' title='bbox 181 698 326 755; x_wconf 80' lang='lat' dir='ltr'>exorsus,</span> <span class='ocrx_word' id='word_1_11' title='bbox 344 672 400 737; x_wconf 86' lang='lat' dir='ltr'>hic</span> <span class='ocrx_word' id='word_1_12' title='bbox 414 686 466 736; x_wconf 89' lang='lat' dir='ltr'>est</span> <span class='ocrx_word' id='word_1_13' title='bbox 478 670 564 748; x_wconf 82' lang='lat' dir='ltr'>finis,</span> <span class='ocrx_word' id='word_1_14' title='bbox 589 668 696 752; x_wconf 90' lang='lat' dir='ltr'>inquit</span> <span class='ocrx_word' id='word_1_15' title='bbox 710 667 897 740; x_wconf 78' lang='lat' dir='ltr'>Antonius3</span> <span class='ocrx_word' id='word_1_16' title='bbox 921 666 1079 749; x_wconf 87' lang='lat' dir='ltr'>quoniam</span> <span class='ocrx_word' id='word_1_17' title='bbox 1103 664 1209 728; x_wconf 70' lang='lat' dir='ltr'>intel:</span> 
     </span>
     <span class='ocr_line' id='line_1_4' title="bbox 178 786 1210 882; baseline -0.009 -22"><span class='ocrx_word' id='word_1_18' title='bbox 178 786 1210 882; x_wconf 60' lang='lat' dir='ltr'>flgitiumonin‘hominum&#39;innumerabilibuspersonis,neque</span> 
     </span>
     <span class='ocr_line' id='line_1_5' title="bbox 179 911 1209 1005; baseline -0.007 -25"><span class='ocrx_word' id='word_1_19' title='bbox 179 918 214 980; x_wconf 89' lang='lat' dir='ltr'>in</span> <span class='ocrx_word' id='word_1_20' title='bbox 235 916 362 981; x_wconf 84' lang='lat' dir='ltr'>infinita</span> <span class='ocrx_word' id='word_1_21' title='bbox 379 930 565 1000; x_wconf 88' lang='lat' dir='ltr'>temporum</span> <span class='ocrx_word' id='word_1_22' title='bbox 586 914 757 991; x_wconf 86' lang='lat' dir='ltr'>varietate,</span> <span class='ocrx_word' id='word_1_23' title='bbox 781 913 841 975; x_wconf 89' lang='lat' dir='ltr'>sed</span> <span class='ocrx_word' id='word_1_24' title='bbox 855 912 888 975; x_wconf 90' lang='lat' dir='ltr'>in</span> <span class='ocrx_word' id='word_1_25' title='bbox 902 931 1055 997; x_wconf 81' lang='lat' dir='ltr'><strong>generum</strong></span> <span class='ocrx_word' id='word_1_26' title='bbox 1069 911 1209 1005; x_wconf 78' lang='lat' dir='ltr'>caussis</span> 
     </span>
     <span class='ocr_line' id='line_1_6' title="bbox 179 1005 1210 1118; baseline -0.012 -20"><span class='ocrx_word' id='word_1_27' title='bbox 179 1050 277 1118; x_wconf 80' lang='lat' dir='ltr'>atque</span> <span class='ocrx_word' id='word_1_28' title='bbox 286 1034 411 1099; x_wconf 87' lang='lat' dir='ltr'>naturis</span> <span class='ocrx_word' id='word_1_29' title='bbox 420 1033 532 1097; x_wconf 87' lang='lat' dir='ltr'>omnia</span> <span class='ocrx_word' id='word_1_30' title='bbox 541 1031 604 1095; x_wconf 85' lang='lat' dir='ltr'>sita</span> <span class='ocrx_word' id='word_1_31' title='bbox 611 1054 695 1111; x_wconf 83' lang='lat' dir='ltr'>esse,</span> <span class='ocrx_word' id='word_1_32' title='bbox 708 1032 823 1114; x_wconf 77' lang='lat' dir='ltr'>quaein</span> <span class='ocrx_word' id='word_1_33' title='bbox 835 1031 973 1094; x_wconf 89' lang='lat' dir='ltr'>dubium</span> <span class='ocrx_word' id='word_1_34' title='bbox 980 1005 1188 1092; x_wconf 71' lang='lat' dir='ltr'>uocarentur</span> <span class='ocrx_word' id='word_1_35' title='bbox 1199 1072 1210 1100; x_wconf 83' lang='lat'>,</span> 
     </span>
     <span class='ocr_line' id='line_1_7' title="bbox 182 1143 1210 1234; baseline -0.008 -21"><span class='ocrx_word' id='word_1_36' title='bbox 182 1170 304 1234; x_wconf 82' lang='lat' dir='ltr'>genera</span> <span class='ocrx_word' id='word_1_37' title='bbox 315 1166 427 1214; x_wconf 85' lang='lat' dir='ltr'>autem</span> <span class='ocrx_word' id='word_1_38' title='bbox 439 1172 510 1214; x_wconf 88' lang='lat' dir='ltr'>esse</span> <span class='ocrx_word' id='word_1_39' title='bbox 525 1149 659 1213; x_wconf 84' lang='lat' dir='ltr'>definita</span> <span class='ocrx_word' id='word_1_40' title='bbox 671 1169 738 1211; x_wconf 90' lang='lat' dir='ltr'>non</span> <span class='ocrx_word' id='word_1_41' title='bbox 749 1148 858 1212; x_wconf 80' lang='lat' dir='ltr'>solum</span> <span class='ocrx_word' id='word_1_42' title='bbox 865 1166 1014 1227; x_wconf 84' lang='lat' dir='ltr'>numero,</span> <span class='ocrx_word' id='word_1_43' title='bbox 1024 1147 1083 1212; x_wconf 86' lang='lat' dir='ltr'>sed</span> <span class='ocrx_word' id='word_1_44' title='bbox 1094 1143 1210 1211; x_wconf 85' lang='lat' dir='ltr'>etiam</span> 
     </span>
    </p>
   </div>
   <div class='ocr_carea' id='block_1_3' title="bbox 180 1269 1232 2571">
    <p class='ocr_par' dir='ltr' id='par_1_3' title="bbox 180 1269 1232 2449">
     <span class='ocr_line' id='line_1_8' title="bbox 180 1269 1212 1355; baseline -0.003 -20"><span class='ocrx_word' id='word_1_45' title='bbox 180 1270 365 1355; x_wconf 80' lang='lat' dir='ltr'>paucitate3</span> <span class='ocrx_word' id='word_1_46' title='bbox 390 1285 427 1334; x_wconf 89' lang='lat' dir='ltr'>ut</span> <span class='ocrx_word' id='word_1_47' title='bbox 447 1293 520 1335; x_wconf 90' lang='lat' dir='ltr'>eam</span> <span class='ocrx_word' id='word_1_48' title='bbox 535 1271 723 1334; x_wconf 70' lang='lat' dir='ltr'>&#39;materiem</span> <span class='ocrx_word' id='word_1_49' title='bbox 749 1271 921 1350; x_wconf 69' lang='lat' dir='ltr'>orationis,</span> <span class='ocrx_word' id='word_1_50' title='bbox 945 1290 1016 1355; x_wconf 76' lang='lat' dir='ltr'>quse</span> <span class='ocrx_word' id='word_1_51' title='bbox 1043 1269 1212 1355; x_wconf 81' lang='lat' dir='ltr'>cujusque</span> 
     </span>
     <span class='ocr_line' id='line_1_9' title="bbox 182 1376 1214 1481; baseline -0.006 -22"><span class='ocrx_word' id='word_1_52' title='bbox 182 1409 268 1461; x_wconf 84' lang='lat' dir='ltr'>esset</span> <span class='ocrx_word' id='word_1_53' title='bbox 281 1396 421 1481; x_wconf 87' lang='lat' dir='ltr'>generis,</span> <span class='ocrx_word' id='word_1_54' title='bbox 433 1395 644 1479; x_wconf 79' lang='lat' dir='ltr'>studiosiqui</span> <span class='ocrx_word' id='word_1_55' title='bbox 659 1408 770 1458; x_wconf 84' lang='lat' dir='ltr'>essent</span> <span class='ocrx_word' id='word_1_56' title='bbox 783 1394 929 1473; x_wconf 80' lang='lat' dir='ltr'>dicendi,</span> <span class='ocrx_word' id='word_1_57' title='bbox 952 1393 1108 1456; x_wconf 89' lang='lat' dir='ltr'>omnibus</span> <span class='ocrx_word' id='word_1_58' title='bbox 1123 1376 1214 1454; x_wconf 86' lang='lat' dir='ltr'>locis</span> 
     </span>
     <span class='ocr_line' id='line_1_10' title="bbox 181 1498 1223 1598; baseline -0.004 -22"><span class='ocrx_word' id='word_1_59' title='bbox 181 1515 391 1598; x_wconf 78' lang='lat' dir='ltr'>descriptam,</span> <span class='ocrx_word' id='word_1_60' title='bbox 413 1516 616 1593; x_wconf 83' lang='lat' dir='ltr'>instructam,</span> <span class='ocrx_word' id='word_1_61' title='bbox 639 1498 1223 1598; x_wconf 77' lang='lat' dir='ltr'>ornatamquecomprehenderent,</span> 
     </span>
     <span class='ocr_line' id='line_1_11' title="bbox 180 1626 1217 1714; baseline -0.004 -22"><span class='ocrx_word' id='word_1_62' title='bbox 180 1630 278 1694; x_wconf 85' lang='lat' dir='ltr'>rebus</span> <span class='ocrx_word' id='word_1_63' title='bbox 304 1632 380 1696; x_wconf 89' lang='lat' dir='ltr'>dico</span> <span class='ocrx_word' id='word_1_64' title='bbox 402 1626 672 1695; x_wconf 54' lang='lat' dir='ltr'>et&#39;seutentiisffi</span> <span class='ocrx_word' id='word_1_65' title='bbox 724 1632 780 1693; x_wconf 80' lang='lat' dir='ltr'>Eae</span> <span class='ocrx_word' id='word_1_66' title='bbox 801 1632 836 1699; x_wconf 71' lang='lat' dir='ltr'>,vi</span> <span class='ocrx_word' id='word_1_67' title='bbox 861 1652 920 1714; x_wconf 80' lang='lat' dir='ltr'>sua</span> <span class='ocrx_word' id='word_1_68' title='bbox 941 1629 1043 1691; x_wconf 84' lang='lat' dir='ltr'>verba</span> <span class='ocrx_word' id='word_1_69' title='bbox 1063 1628 1217 1710; x_wconf 84' lang='lat' dir='ltr'>parient,</span> 
     </span>
     <span class='ocr_line' id='line_1_12' title="bbox 183 1747 1216 1838; baseline -0.004 -22"><span class='ocrx_word' id='word_1_70' title='bbox 183 1773 254 1837; x_wconf 83' lang='lat' dir='ltr'>qure</span> <span class='ocrx_word' id='word_1_71' title='bbox 268 1771 396 1838; x_wconf 79' lang='lat' dir='ltr'>semper</span> <span class='ocrx_word' id='word_1_72' title='bbox 406 1755 485 1817; x_wconf 87' lang='lat' dir='ltr'>satis</span> <span class='ocrx_word' id='word_1_73' title='bbox 498 1766 613 1817; x_wconf 80' lang='lat' dir='ltr'>ornata</span> <span class='ocrx_word' id='word_1_74' title='bbox 624 1751 708 1816; x_wconf 86' lang='lat' dir='ltr'>mihi</span> <span class='ocrx_word' id='word_1_75' title='bbox 735 1751 874 1836; x_wconf 88' lang='lat' dir='ltr'>quidem</span> <span class='ocrx_word' id='word_1_76' title='bbox 897 1748 1005 1814; x_wconf 84' lang='lat' dir='ltr'>videri</span> <span class='ocrx_word' id='word_1_77' title='bbox 1029 1747 1155 1827; x_wconf 83' lang='lat' dir='ltr'>solent,</span> <span class='ocrx_word' id='word_1_78' title='bbox 1184 1750 1216 1812; x_wconf 85' lang='lat' dir='ltr'>si</span> 
     </span>
     <span class='ocr_line' id='line_1_13' title="bbox 185 1870 1217 1961; baseline 0 -25"><span class='ocrx_word' id='word_1_79' title='bbox 185 1874 349 1961; x_wconf 87' lang='lat' dir='ltr'>ejusmodi</span> <span class='ocrx_word' id='word_1_80' title='bbox 373 1888 460 1953; x_wconf 88' lang='lat' dir='ltr'>sunt,</span> <span class='ocrx_word' id='word_1_81' title='bbox 482 1887 519 1938; x_wconf 89' lang='lat' dir='ltr'>ut</span> <span class='ocrx_word' id='word_1_82' title='bbox 540 1897 580 1939; x_wconf 78' lang='lat' dir='ltr'>ea</span> <span class='ocrx_word' id='word_1_83' title='bbox 600 1894 652 1938; x_wconf 88' lang='lat' dir='ltr'>res</span> <span class='ocrx_word' id='word_1_84' title='bbox 666 1875 739 1959; x_wconf 85' lang='lat' dir='ltr'>ipsa</span> <span class='ocrx_word' id='word_1_85' title='bbox 749 1872 916 1958; x_wconf 80' lang='lat' dir='ltr'>peperisse</span> <span class='ocrx_word' id='word_1_86' title='bbox 925 1870 1091 1937; x_wconf 81' lang='lat' dir='ltr'>videatur.</span> <span class='ocrx_word' id='word_1_87' title='bbox 1143 1873 1217 1951; x_wconf 81' lang='lat' dir='ltr'>Ac,</span> 
     </span>
     <span class='ocr_line' id='line_1_14' title="bbox 184 1990 1219 2087; baseline 0.002 -31"><span class='ocrx_word' id='word_1_88' title='bbox 184 1996 213 2057; x_wconf 89' lang='lat' dir='ltr'>si</span> <span class='ocrx_word' id='word_1_89' title='bbox 236 2018 354 2059; x_wconf 84' lang='lat' dir='ltr'>verum</span> <span class='ocrx_word' id='word_1_90' title='bbox 378 1996 522 2079; x_wconf 75' lang='lat' dir='ltr'>quaeritis</span> <span class='ocrx_word' id='word_1_91' title='bbox 547 1990 660 2087; x_wconf 55' lang='lat' dir='ltr'>(quod&#39;</span> <span class='ocrx_word' id='word_1_92' title='bbox 675 1996 760 2060; x_wconf 84' lang='lat' dir='ltr'>mihi</span> <span class='ocrx_word' id='word_1_93' title='bbox 780 1995 916 2079; x_wconf 84' lang='lat' dir='ltr'>quidam</span> <span class='ocrx_word' id='word_1_94' title='bbox 924 1995 1079 2060; x_wconf 75' lang='lat' dir='ltr'>videatur</span> <span class='ocrx_word' id='word_1_95' title='bbox 1092 2022 1102 2070; x_wconf 87' lang='lat'>;</span> <span class='ocrx_word' id='word_1_96' title='bbox 1115 1992 1219 2062; x_wconf 68' lang='lat' dir='ltr'>‘nihii</span> 
     </span>
     <span class='ocr_line' id='line_1_15' title="bbox 183 2102 1217 2213; baseline 0.005 -39"><span class='ocrx_word' id='word_1_97' title='bbox 183 2111 271 2213; x_wconf 87' lang='lat' dir='ltr'>enim</span> <span class='ocrx_word' id='word_1_98' title='bbox 286 2102 375 2173; x_wconf 67' lang='lat' dir='ltr'>aliud</span> <span class='ocrx_word' id='word_1_99' title='bbox 390 2115 550 2176; x_wconf 79' lang='lat' dir='ltr'>affirmare</span> <span class='ocrx_word' id='word_1_100' title='bbox 563 2104 711 2198; x_wconf 75' lang='lat' dir='ltr'>possum,</span> <span class='ocrx_word' id='word_1_101' title='bbox 736 2118 802 2181; x_wconf 86' lang='lat' dir='ltr'>nisi</span> <span class='ocrx_word' id='word_1_102' title='bbox 819 2112 1022 2184; x_wconf 81' lang='lat' dir='ltr'>sententiam</span> <span class='ocrx_word' id='word_1_103' title='bbox 1034 2131 1068 2180; x_wconf 88' lang='lat' dir='ltr'>et</span> <span class='ocrx_word' id='word_1_104' title='bbox 1081 2117 1217 2202; x_wconf 64' lang='lat' dir='ltr'>opinioss</span> 
     </span>
     <span class='ocr_line' id='line_1_16' title="bbox 182 2235 1215 2328; baseline 0.01 -33"><span class='ocrx_word' id='word_1_105' title='bbox 182 2253 260 2295; x_wconf 90' lang='lat' dir='ltr'>nem</span> <span class='ocrx_word' id='word_1_106' title='bbox 274 2235 409 2318; x_wconf 84' lang='lat' dir='ltr'>meam,)</span> <span class='ocrx_word' id='word_1_107' title='bbox 435 2236 498 2298; x_wconf 87' lang='lat' dir='ltr'>hoc</span> <span class='ocrx_word' id='word_1_108' title='bbox 511 2237 769 2304; x_wconf 78' lang='lat' dir='ltr'>instrumentum</span> <span class='ocrx_word' id='word_1_109' title='bbox 784 2265 974 2309; x_wconf 82' lang='lat' dir='ltr'>caussarum</span> <span class='ocrx_word' id='word_1_110' title='bbox 997 2256 1031 2308; x_wconf 89' lang='lat' dir='ltr'>et</span> <span class='ocrx_word' id='word_1_111' title='bbox 1051 2262 1215 2328; x_wconf 86' lang='lat' dir='ltr'>generum</span> 
     </span>
     <span class='ocr_line' id='line_1_17' title="bbox 185 2340 1232 2449; baseline 0.009 -28"><span class='ocrx_word' id='word_1_112' title='bbox 185 2358 415 2421; x_wconf 86' lang='lat' dir='ltr'>universorum</span> <span class='ocrx_word' id='word_1_113' title='bbox 442 2359 475 2422; x_wconf 91' lang='lat' dir='ltr'>in</span> <span class='ocrx_word' id='word_1_114' title='bbox 501 2360 613 2425; x_wconf 86' lang='lat' dir='ltr'>forum</span> <span class='ocrx_word' id='word_1_115' title='bbox 636 2362 763 2428; x_wconf 82' lang='lat' dir='ltr'>deferre</span> <span class='ocrx_word' id='word_1_116' title='bbox 792 2340 984 2438; x_wconf 79' lang='lat' dir='ltr'>debemus3</span> <span class='ocrx_word' id='word_1_117' title='bbox 1017 2340 1142 2449; x_wconf 85' lang='lat' dir='ltr'>neque,</span> <span class='ocrx_word' id='word_1_118' title='bbox 1178 2378 1232 2430; x_wconf 83' lang='lat' dir='ltr'>ut·</span> 
     </span>
    </p>

    <p class='ocr_par' dir='ltr' id='par_1_4' title="bbox 188 2486 1217 2571">
     <span class='ocr_line' id='line_1_18' title="bbox 188 2486 1217 2571; baseline 0.004 -23"><span class='ocrx_word' id='word_1_119' title='bbox 188 2506 320 2569; x_wconf 83' lang='lat' dir='ltr'>quaeque</span> <span class='ocrx_word' id='word_1_120' title='bbox 345 2502 398 2550; x_wconf 85' lang='lat' dir='ltr'>res</span> <span class='ocrx_word' id='word_1_121' title='bbox 425 2486 535 2550; x_wconf 83' lang='lat' dir='ltr'>delata</span> <span class='ocrx_word' id='word_1_122' title='bbox 558 2489 600 2552; x_wconf 84' lang='lat' dir='ltr'>ad</span> <span class='ocrx_word' id='word_1_123' title='bbox 622 2509 682 2551; x_wconf 89' lang='lat' dir='ltr'>nos</span> <span class='ocrx_word' id='word_1_124' title='bbox 707 2490 783 2568; x_wconf 90' lang='lat' dir='ltr'>erit,</span> <span class='ocrx_word' id='word_1_125' title='bbox 805 2503 878 2553; x_wconf 90' lang='lat' dir='ltr'>tum</span> <span class='ocrx_word' id='word_1_126' title='bbox 901 2488 1042 2571; x_wconf 88' lang='lat' dir='ltr'>denique</span> <span class='ocrx_word' id='word_1_127' title='bbox 1067 2489 1217 2552; x_wconf 85' lang='lat' dir='ltr'>scrutari</span> 
     </span>
    </p>
   </div>
   <div class='ocr_carea' id='block_1_4' title="bbox 85 2613 1218 3906">
    <p class='ocr_par' dir='ltr' id='par_1_5' title="bbox 85 2613 1218 3906">
     <span class='ocr_line' id='line_1_19' title="bbox 187 2613 1218 2701; baseline 0.005 -26"><span class='ocrx_word' id='word_1_128' title='bbox 187 2613 290 2691; x_wconf 85' lang='lat' dir='ltr'>iocos,</span> <span class='ocrx_word' id='word_1_129' title='bbox 316 2613 502 2696; x_wconf 82' lang='lat' dir='ltr'>exquibus</span> <span class='ocrx_word' id='word_1_130' title='bbox 533 2629 727 2699; x_wconf 86' lang='lat' dir='ltr'>argumenta</span> <span class='ocrx_word' id='word_1_131' title='bbox 754 2637 930 2693; x_wconf 87' lang='lat' dir='ltr'>eruamus;</span> <span class='ocrx_word' id='word_1_132' title='bbox 968 2640 1044 2701; x_wconf 84' lang='lat' dir='ltr'>quae</span> <span class='ocrx_word' id='word_1_133' title='bbox 1072 2618 1218 2701; x_wconf 87' lang='lat' dir='ltr'>quidem</span> 
     </span>
     <span class='ocr_line' id='line_1_20' title="bbox 188 2733 1217 2821; baseline 0.005 -25"><span class='ocrx_word' id='word_1_134' title='bbox 188 2733 352 2816; x_wconf 87' lang='lat' dir='ltr'>omnibus,</span> <span class='ocrx_word' id='word_1_135' title='bbox 366 2735 472 2819; x_wconf 88' lang='lat' dir='ltr'>quiea</span> <span class='ocrx_word' id='word_1_136' title='bbox 485 2736 699 2800; x_wconf 87' lang='lat' dir='ltr'>mediocriter</span> <span class='ocrx_word' id='word_1_137' title='bbox 713 2740 814 2802; x_wconf 91' lang='lat' dir='ltr'>modo</span> <span class='ocrx_word' id='word_1_138' title='bbox 828 2740 1079 2821; x_wconf 81' lang='lat' dir='ltr'>considerarim,</span> <span class='ocrx_word' id='word_1_139' title='bbox 1099 2739 1217 2805; x_wconf 87' lang='lat' dir='ltr'>studio</span> 
     </span>
     <span class='ocr_line' id='line_1_21' title="bbox 85 2845 1214 2956; baseline 0.003 -34"><span class='ocrx_word' id='word_1_140' title='bbox 85 2949 90 2956; x_wconf 92' lang='lat'><strong><em>.</em></strong></span> <span class='ocrx_word' id='word_1_141' title='bbox 187 2858 337 2922; x_wconf 79' lang='lat' dir='ltr'>adhibito</span> <span class='ocrx_word' id='word_1_142' title='bbox 363 2873 397 2923; x_wconf 89' lang='lat' dir='ltr'>et</span> <span class='ocrx_word' id='word_1_143' title='bbox 422 2863 503 2939; x_wconf 82' lang='lat' dir='ltr'>usu,</span> <span class='ocrx_word' id='word_1_144' title='bbox 524 2845 721 2943; x_wconf 78' lang='lat' dir='ltr'>pertractata</span> <span class='ocrx_word' id='word_1_145' title='bbox 744 2883 816 2925; x_wconf 91' lang='lat' dir='ltr'>esse</span> <span class='ocrx_word' id='word_1_146' title='bbox 841 2878 1000 2944; x_wconf 80' lang='lat' dir='ltr'>possunt:</span> <span class='ocrx_word' id='word_1_147' title='bbox 1026 2867 1085 2930; x_wconf 86' lang='lat' dir='ltr'>sed</span> <span class='ocrx_word' id='word_1_148' title='bbox 1099 2881 1214 2931; x_wconf 87' lang='lat' dir='ltr'>tamen</span> 
     </span>
     <span class='ocr_line' id='line_1_22' title="bbox 191 2978 1210 3069; baseline 0 -25"><span class='ocrx_word' id='word_1_149' title='bbox 191 2981 319 3045; x_wconf 82' lang='lat' dir='ltr'>animus</span> <span class='ocrx_word' id='word_1_150' title='bbox 333 2978 523 3048; x_wconf 84' lang='lat' dir='ltr'>referendus</span> <span class='ocrx_word' id='word_1_151' title='bbox 538 2997 588 3047; x_wconf 92' lang='lat' dir='ltr'>est</span> <span class='ocrx_word' id='word_1_152' title='bbox 612 2984 654 3046; x_wconf 92' lang='lat' dir='ltr'>ad</span> <span class='ocrx_word' id='word_1_153' title='bbox 677 3005 716 3047; x_wconf 90' lang='lat' dir='ltr'>ea</span> <span class='ocrx_word' id='word_1_154' title='bbox 739 2982 858 3066; x_wconf 79' lang='lat' dir='ltr'>capita,</span> <span class='ocrx_word' id='word_1_155' title='bbox 884 2996 917 3048; x_wconf 78' lang='lat' dir='ltr'>et</span> <span class='ocrx_word' id='word_1_156' title='bbox 941 2984 983 3046; x_wconf 87' lang='lat' dir='ltr'>ad</span> <span class='ocrx_word' id='word_1_157' title='bbox 1005 2983 1092 3063; x_wconf 80' lang='lat' dir='ltr'>iilos,</span> <span class='ocrx_word' id='word_1_158' title='bbox 1125 3003 1210 3069; x_wconf 92' lang='lat' dir='ltr'>quos</span> 
     </span>
     <span class='ocr_line' id='line_1_23' title="bbox 191 3099 1214 3192; baseline -0.004 -21"><span class='ocrx_word' id='word_1_159' title='bbox 191 3099 271 3192; x_wconf 67' lang='lat' dir='ltr'>supe</span> <span class='ocrx_word' id='word_1_160' title='bbox 281 3106 352 3192; x_wconf 87' lang='lat' dir='ltr'>jam</span> <span class='ocrx_word' id='word_1_161' title='bbox 366 3108 536 3191; x_wconf 87' lang='lat' dir='ltr'>appellavi,</span> <span class='ocrx_word' id='word_1_162' title='bbox 555 3107 659 3185; x_wconf 87' lang='lat' dir='ltr'>iocos,</span> <span class='ocrx_word' id='word_1_163' title='bbox 681 3127 724 3169; x_wconf 86' lang='lat' dir='ltr'>ex</span> <span class='ocrx_word' id='word_1_164' title='bbox 744 3105 862 3188; x_wconf 86' lang='lat' dir='ltr'>quibus</span> <span class='ocrx_word' id='word_1_165' title='bbox 884 3106 997 3170; x_wconf 84' lang='lat' dir='ltr'>omnia</span> <span class='ocrx_word' id='word_1_166' title='bbox 1019 3105 1061 3169; x_wconf 81' lang='lat' dir='ltr'>ad</span> <span class='ocrx_word' id='word_1_167' title='bbox 1074 3126 1214 3171; x_wconf 88' lang='lat' dir='ltr'>omnem</span> 
     </span>
     <span class='ocr_line' id='line_1_24' title="bbox 190 3226 1215 3311; baseline -0.003 -21"><span class='ocrx_word' id='word_1_168' title='bbox 190 3230 375 3292; x_wconf 84' lang='lat' dir='ltr'>orationem</span> <span class='ocrx_word' id='word_1_169' title='bbox 386 3228 517 3295; x_wconf 82' lang='lat' dir='ltr'>inventa</span> <span class='ocrx_word' id='word_1_170' title='bbox 531 3231 704 3293; x_wconf 87' lang='lat' dir='ltr'>ducuntur.</span> <span class='ocrx_word' id='word_1_171' title='bbox 752 3229 863 3311; x_wconf 82' lang='lat' dir='ltr'>Atque</span> <span class='ocrx_word' id='word_1_172' title='bbox 872 3226 940 3291; x_wconf 78' lang='lat' dir='ltr'>hoc</span> <span class='ocrx_word' id='word_1_173' title='bbox 954 3241 1060 3291; x_wconf 90' lang='lat' dir='ltr'>totum</span> <span class='ocrx_word' id='word_1_174' title='bbox 1074 3241 1126 3291; x_wconf 88' lang='lat' dir='ltr'>est</span> <span class='ocrx_word' id='word_1_175' title='bbox 1144 3227 1215 3291; x_wconf 84' lang='lat' dir='ltr'>sive</span> 
     </span>
     <span class='ocr_line' id='line_1_25' title="bbox 193 3341 1215 3424; baseline -0.002 -21"><span class='ocrx_word' id='word_1_176' title='bbox 193 3341 284 3416; x_wconf 86' lang='lat' dir='ltr'>artis,</span> <span class='ocrx_word' id='word_1_177' title='bbox 311 3341 381 3402; x_wconf 78' lang='lat' dir='ltr'>sive</span> <span class='ocrx_word' id='word_1_178' title='bbox 405 3341 713 3423; x_wconf 86' lang='lat' dir='ltr'>animadversionis,</span> <span class='ocrx_word' id='word_1_179' title='bbox 737 3344 807 3408; x_wconf 89' lang='lat' dir='ltr'>sive</span> <span class='ocrx_word' id='word_1_180' title='bbox 833 3341 1091 3424; x_wconf 83' lang='lat' dir='ltr'>consuetudinis,</span> <span class='ocrx_word' id='word_1_181' title='bbox 1119 3360 1215 3407; x_wconf 85' lang='lat' dir='ltr'>nosse</span> 
     </span>
     <span class='ocr_line' id='line_1_26' title="bbox 193 3456 1213 3547; baseline -0.002 -25"><span class='ocrx_word' id='word_1_182' title='bbox 193 3459 359 3546; x_wconf 85' lang='lat' dir='ltr'>regiones,</span> <span class='ocrx_word' id='word_1_183' title='bbox 373 3456 457 3522; x_wconf 85' lang='lat' dir='ltr'>intra</span> <span class='ocrx_word' id='word_1_184' title='bbox 470 3482 550 3543; x_wconf 84' lang='lat' dir='ltr'>quas</span> <span class='ocrx_word' id='word_1_185' title='bbox 560 3482 680 3526; x_wconf 88' lang='lat' dir='ltr'>venere</span> <span class='ocrx_word' id='word_1_186' title='bbox 696 3474 728 3525; x_wconf 91' lang='lat' dir='ltr'>et</span> <span class='ocrx_word' id='word_1_187' title='bbox 740 3462 954 3547; x_wconf 84' lang='lat' dir='ltr'>pervestiges,</span> <span class='ocrx_word' id='word_1_188' title='bbox 968 3465 1058 3545; x_wconf 94' lang='lat' dir='ltr'>quod</span> <span class='ocrx_word' id='word_1_189' title='bbox 1067 3479 1213 3545; x_wconf 78' lang='lat' dir='ltr'>quaeras:</span> 
     </span>
     <span class='ocr_line' id='line_1_27' title="bbox 194 3580 1215 3667; baseline -0.002 -24"><span class='ocrx_word' id='word_1_190' title='bbox 194 3583 250 3644; x_wconf 87' lang='lat' dir='ltr'>ubi</span> <span class='ocrx_word' id='word_1_191' title='bbox 276 3602 351 3646; x_wconf 89' lang='lat' dir='ltr'>eum</span> <span class='ocrx_word' id='word_1_192' title='bbox 376 3580 487 3643; x_wconf 87' lang='lat' dir='ltr'>locum</span> <span class='ocrx_word' id='word_1_193' title='bbox 511 3603 644 3646; x_wconf 89' lang='lat' dir='ltr'>omnem</span> <span class='ocrx_word' id='word_1_194' title='bbox 665 3583 864 3667; x_wconf 85' lang='lat' dir='ltr'>cogitatione</span> <span class='ocrx_word' id='word_1_195' title='bbox 878 3582 1030 3665; x_wconf 88' lang='lat' dir='ltr'>sepseris,</span> <span class='ocrx_word' id='word_1_196' title='bbox 1057 3582 1085 3643; x_wconf 89' lang='lat' dir='ltr'>si</span> <span class='ocrx_word' id='word_1_197' title='bbox 1111 3581 1215 3644; x_wconf 89' lang='lat' dir='ltr'>modo</span> 
     </span>
     <span class='ocr_line' id='line_1_28' title="bbox 193 3703 1212 3789; baseline 0.005 -27"><span class='ocrx_word' id='word_1_198' title='bbox 193 3722 294 3782; x_wconf 85' lang='lat' dir='ltr'>usum</span> <span class='ocrx_word' id='word_1_199' title='bbox 304 3722 414 3763; x_wconf 89' lang='lat' dir='ltr'>rerum</span> <span class='ocrx_word' id='word_1_200' title='bbox 428 3704 648 3785; x_wconf 85' lang='lat' dir='ltr'>percallueris,</span> <span class='ocrx_word' id='word_1_201' title='bbox 668 3703 752 3766; x_wconf 85' lang='lat' dir='ltr'>nihil</span> <span class='ocrx_word' id='word_1_202' title='bbox 765 3718 796 3769; x_wconf 91' lang='lat' dir='ltr'>te</span> <span class='ocrx_word' id='word_1_203' title='bbox 816 3703 963 3789; x_wconf 82' lang='lat' dir='ltr'>effugiet,</span> <span class='ocrx_word' id='word_1_204' title='bbox 991 3715 1087 3784; x_wconf 84' lang='lat' dir='ltr'>atque</span> <span class='ocrx_word' id='word_1_205' title='bbox 1102 3722 1212 3780; x_wconf 80' lang='lat' dir='ltr'>omne,</span> 
     </span>
     <span class='ocr_line' id='line_1_29' title="bbox 196 3795 1203 3906; baseline 0.008 -23"><span class='ocrx_word' id='word_1_206' title='bbox 196 3819 285 3905; x_wconf 90' lang='lat' dir='ltr'>quod</span> <span class='ocrx_word' id='word_1_207' title='bbox 298 3819 361 3883; x_wconf 85' lang='lat' dir='ltr'>erit</span> <span class='ocrx_word' id='word_1_208' title='bbox 374 3818 408 3881; x_wconf 90' lang='lat' dir='ltr'>in</span> <span class='ocrx_word' id='word_1_209' title='bbox 419 3841 467 3901; x_wconf 90' lang='lat' dir='ltr'>re,</span> <span class='ocrx_word' id='word_1_210' title='bbox 489 3825 633 3888; x_wconf 84' lang='lat' dir='ltr'>occurrit</span> <span class='ocrx_word' id='word_1_211' title='bbox 645 3837 743 3906; x_wconf 89' lang='lat' dir='ltr'>atque</span> <span class='ocrx_word' id='word_1_212' title='bbox 756 3822 893 3887; x_wconf 88' lang='lat' dir='ltr'>incidet.</span> <span class='ocrx_word' id='word_1_213' title='bbox 1199 3795 1203 3802; x_wconf 89' lang='lat'>.</span> 
     </span>
    </p>
   </div>
   <div class='ocr_carea' id='block_1_5' title="bbox 1027 4033 1232 4111">
    <p class='ocr_par' dir='ltr' id='par_1_6' title="bbox 1027 4033 1232 4111">
     <span class='ocr_line' id='line_1_30' title="bbox 1027 4033 1232 4111; baseline 0.005 -13"><span class='ocrx_word' id='word_1_214' title='bbox 1027 4036 1042 4111; x_wconf 73' lang='lat' dir='ltr'>i</span> <span class='ocrx_word' id='word_1_215' title='bbox 1065 4033 1207 4100; x_wconf 73' lang='lat' dir='ltr'><strong>XXXV·</strong></span> <span class='ocrx_word' id='word_1_216' title='bbox 1230 4041 1232 4045; x_wconf 80' lang='grc'><strong>’</strong></span> 
     </span>
    </p>
   </div>
   <div class='ocr_carea' id='block_1_6' title="bbox 193 4239 1214 4395">
    <p class='ocr_par' dir='ltr' id='par_1_7' title="bbox 193 4239 1214 4395">
     <span class='ocr_line' id='line_1_31' title="bbox 224 4239 1214 4309; baseline -0.005 -15"><span class='ocrx_word' id='word_1_217' title='bbox 224 4243 237 4269; x_wconf 70' lang='grc'><strong><em>*</em></strong></span> <span class='ocrx_word' id='word_1_218' title='bbox 256 4239 333 4296; x_wconf 65' lang='lat' dir='ltr'>Rebus</span> <span class='ocrx_word' id='word_1_219' title='bbox 352 4242 402 4296; x_wconf 80' lang='lat' dir='ltr'>dito</span> <span class='ocrx_word' id='word_1_220' title='bbox 419 4256 441 4297; x_wconf 78' lang='lat' dir='ltr'>et</span> <span class='ocrx_word' id='word_1_221' title='bbox 460 4244 601 4298; x_wconf 69' lang='lat' dir='ltr'>teuteruiisr</span> <span class='ocrx_word' id='word_1_222' title='bbox 629 4262 664 4295; x_wconf 88' lang='lat' dir='ltr'>sc.</span> <span class='ocrx_word' id='word_1_223' title='bbox 683 4243 843 4309; x_wconf 77' lang='lat' dir='ltr'>descriptam,</span> <span class='ocrx_word' id='word_1_224' title='bbox 862 4246 1021 4306; x_wconf 81' lang='lat' dir='ltr'>instructam,</span> <span class='ocrx_word' id='word_1_225' title='bbox 1042 4246 1087 4296; x_wconf 76' lang='lat' dir='ltr'>&amp;c</span> <span class='ocrx_word' id='word_1_226' title='bbox 1103 4243 1175 4294; x_wconf 70' lang='lat' dir='ltr'>&#39;rebus</span> <span class='ocrx_word' id='word_1_227' title='bbox 1192 4246 1214 4285; x_wconf 72' lang='lat' dir='ltr'>et</span> 
     </span>
     <span class='ocr_line' id='line_1_32' title="bbox 193 4330 1150 4395; baseline 0.001 -3"><span class='ocrx_word' id='word_1_228' title='bbox 193 4344 325 4395; x_wconf 75' lang='lat' dir='ltr'>sententiis.</span> <span class='ocrx_word' id='word_1_229' title='bbox 956 4334 959 4340; x_wconf 42' lang='lat'>⁵</span> <span class='ocrx_word' id='word_1_230' title='bbox 1147 4330 1150 4337; x_wconf 43' lang='lat'>¹</span> 
     </span>
    </p>
   </div>
   <div class='ocr_carea' id='block_1_7' title="bbox 0 0 1381 4950">
    <p class='ocr_par' dir='ltr' id='par_1_8' title="bbox 0 0 1381 4950">
     <span class='ocr_line' id='line_1_33' title="bbox 0 0 1381 4950; baseline 0 0"><span class='ocrx_word' id='word_1_231' title='bbox 0 0 1381 4950; x_wconf 95' lang='lat' dir='ltr'> </span> 
     </span>
    </p>
   </div>
  </div>
 </body>
</html>
