2742 4950
485 385 528 453 'L
549 407 564 453 1
589 403 610 453 s
633 406 700 499 ι’)
746 387 814 452 111.
869 396 921 453 ³4.
1138 397 1199 455 θοι

191 574 279 632 τηατ,
325 557 413 636 Quis
432 557 561 622 doctior
587 553 788 620 iisdem'illis
807 554 1021 641 temporibus,
1044 555 1205 642 antcujus

191 684 379 770 eloquentia
386 649 492 746 literis
506 677 698 744 instructior
705 676 807 742 fuisse
819 679 972 760 traditur,¹
988 701 1087 764 quarn
1103 681 1205 746 Pisis·
1312 749 1317 756 ,

191 808 269 872 trati
283 808 295 869 i
319 804 375 890 qui
388 803 515 888 primus
523 797 782 877 Homerilibros,
796 797 949 862 confusos
961 813 1068 881 antea,
1080 803 1129 864 sic
1140 801 1207 866 dis·

137 934 161 968 '⁵
188 921 338 1011 posuisse
360 923 495 1005 dicitur,
520 936 654 1002 utnunc
667 920 836 1000 habemus.
883 920 1039 984 Nonfnit
1066 920 1207 1006 ille’qui·

193 1044 272 1110 dem
283 1045 410 1110 civibus
424 1044 493 1107 suis
509 1041 613 1121 utilis,
627 1042 747 1108 sedita
772 1040 960 1126 eloquentia
972 1039 1145 1120 floruit‚,ut
1155 1042 1209 1104 lit·

188 1166 254 1230 eris
267 1166 480 1248 doctrinaque
494 1176 672 1249 praestaret.
728 1160 822 1236 Quid
836 1162 1007 1226 Pericles?
1044 1163 1085 1227 de
1110 1163 1204 1248 cujus

47 1367 57 1388 ἢ
102 1307 107 1312 ’
192 1286 326 1352 dicendi
335 1286 431 1370 copia
443 1284 491 1348 sic
505 1284 702 1369 accepimns,
728 1295 777 1361 ut,
787 1303 864 1346 cum
877 1297 990 1350 contra
1007 1283 1211 1358 voluntatem
1262 1317 1266 1328 ·

195 1405 452 1478 Atheniensium
459 1406 651 1490 loqueretur
662 1424 722 1489 pro
732 1403 836 1468 salute
849 1406 963 1489 patriae
988 1406 1147 1485 severius,
1164 1420 1211 1470 ta·

193 1547 270 1596 men
284 1527 321 1592 id
333 1527 452 1611 ipsum,
465 1529 556 1611 qnod
569 1526 623 1590 ille
638 1538 753 1592 contra
764 1525 936 1611 populares
957 1526 1108 1592 homines
1122 1527 1211 1591 dice·

192 1660 254 1727 ret,
267 1650 423 1735 populare
436 1651 589 1716 omnibus
602 1663 636 1714 et
642 1650 830 1736 jucundum
849 1649 1018 1713 videretur
1031 1671 1040 1709 a
1064 1649 1159 1733 cnjus
1171 1647 1206 1710 in

190 1760 292 1828 labris
304 1776 433 1827 veteres
447 1768 579 1842 comici,
590 1766 692 1827 etiam
703 1784 779 1828 cum
793 1762 842 1825 illi
855 1764 1091 1827 maledicerent
1105 1765 1213 1851 (quod

193 1895 265 1946 tum
279 1881 421 1950 Athenis
436 1882 675 1964 destituebant
692 1881 840 1963 leporem
852 1880 1017 1948 habitasse
1033 1884 1211 1961 dixerunt,

189 2023 380 2089 tantamque
395 2008 430 2068 in
452 2025 492 2068 eo
505 2004 575 2069 vi'm
586 2003 703 2084 fnisse,
724 2018 761 2068 ut
773 2006 809 2068 in
821 2028 936 2073 eorum
950 1985 1126 2092 mentibus,
1152 2015 1210 2099 qni

84 2123 87 2126 ’
196 2131 377 2210 audissent,
390 2128 485 2214 quasi
499 2127 630 2192 aculem
641 2129 802 2211 quosdam
816 2132 1022 2216 relinqueret.
1061 2139 1111 2201 At
1122 2139 1210 2204 hunc

195 2274 261 2317 non
282 2242 582 2334 elamat0r⁴aliquis
594 2251 638 2318 ad
651 2251 882 2336 clepsydram*
904 2257 1022 2319 latrare
1044 2258 1214 2360 docuerit²

195 2378 267 2455 sed,
293 2374 540 2460 ntaccepimns,
565 2374 801 2442 Clazomenius
826 2375 880 2437 ille
908 2375 1136 2461 Anaxagoras,
1160 2380 1214 2443 vir
1250 2404 1256 2416 ·

197 2517 351 2577 summus
369 2499 403 2560 in
426 2498 648 2565 maximarum
671 2513 783 2558 rerum
809 2494 977 2565 seientia„
1016 2497 1133 2580 ltaque
1156 2501 1213 2566 hic

185 2619 360 2693 doctrina,
373 2614 527 2694 consilio,
545 2614 735 2700 eloquentia
746 2617 908 2682 excellens
922 2620 1139 2711 quodraginta
1158 2643 1214 2687 an·

197 2758 258 2801 nos
270 2735 403 2820 praefuit
412 2736 555 2803 Athenis
569 2750 602 2804 et
611 2737 744 2805 urbanis
755 2738 874 2805 eodem
884 2754 1030 2827 tempore
1040 2746 1076 2809 e't
1087 2742 1214 2807 bellicis

195 2864 305 2930 rebus.
350 2861 444 2940 ouis
458 2863 700 2954 errantque
713 2864 927 2931 Alcibiadae
942 2830 1223 2935 civitatibussed

196 2991 332 3076 quidem
344 3010 412 3054 non
422 2988 514 3070 boni,
527 2968 586 3054 aed
594 3001 680 3054 certe
690 2990 781 3054 docti
790 3005 887 3075 atque
896 2994 1097 3076 eloquentes,
1105 3016 1212 3063 nonne

193 3111 379 3176 Socraticis
397 3124 491 3178 erunt
502 3109 779 3194 disputationibus
792 3111 940 3173 eruditi?
965 3111 1052 3186 Quis
1068 3114 1216 3180 Dionem

195 3232 418 3317 .Syracusium
443 3229 613 3294 doctrinis
626 3226 779 3291 omnibus
799 3229 982 3312 expolivit?
1003 3228 1070 3295 non
1094 3225 1214 3300 Plato?

203 3367 299 3437 atque
324 3375 403 3418 eum
427 3350 519 3415 idem
542 3348 596 3412 ille
620 3369 687 3412 non
709 3348 828 3435 linguae
843 3349 961 3433 solum,
983 3359 1215 3423 verumetiam
1256 3434 1259 3439 ,

201 3476 304 3540 animi
319 3494 358 3538 ac
370 3472 504 3551 virtutis
516 3462 674 3557 magister
688 3475 729 3537 ad
741 3475 944 3541 liberandam
956 3480 1097 3562 patriam
1110 3481 1215 3565 impu·

199 3593 251 3675 lit,
269 3590 437 3671 instinxit,
451 3590 602 3656 armavit.
617 3616 620 3623 ’
650 3591 780 3658 Aliisne
794 3593 896 3681 igitur
909 3586 1032 3671 artibus
1051 3586 1140 3663 hunc
1155 3600 1215 3664 Di·

204 3738 303 3783 onem
316 3717 460 3784 instituit
473 3717 581 3796 Plato,
604 3715 677 3782 aliis
687 3780 689 3782 ,
701 3716 863 3783 Isocrates
877 3718 1095 3786 clarissimum
1108 3723 1216 3788 virum

203 3837 430 3929 Timotheum,
443 3837 601 3919 Cononis,
611 3838 873 3923 praestantissimi
881 3841 1221 3925 imperatoris,filiurn,

204 3943 485 4049 summumipsnm
493 3960 964 4048 imperatoremhotninemque
973 3964 1217 4036 doctissimum?

575 4083 605 4146 L
626 4082 639 4144 l
1088 4076 1090 4081 ⁴
1161 4095 1217 4146 aut

238 4257 461 4327 'empnam
569 4257 1219 4326 mantutmesyaatamnnagnromne

202 4358 475 4412 holeinthebottome
508 4359 1015 4430 mmtnpmndsdaa-annon-plua
1116 4389 1125 4426 t

358 4602 409 4669 Q.
