2742 4950
491 288 647 384 usse
670 340 692 384 s
738 311 785 385 11,
831 328 886 385 at.
1137 331 1199 395 tte

175 493 249 570 itu,
267 490 348 575 quid
358 489 469 573 lingua
481 487 603 553 efficere
617 487 732 572 possit.
780 487 815 550 si
830 487 1012 575 intelligam
1031 509 1127 575 posse
1157 494 1200 557 ad

183 630 336 675 summos
364 606 546 692 pervenire,
569 626 636 668 non
657 606 766 669 solum
790 606 957 683 hortabor,
981 622 1018 671 ut
1044 609 1202 690 elaboret,

180 730 464 812 sedetiam,sivir
472 749 604 812 quoque
613 726 808 792 mihibonus
817 728 993 810 videbitur,
1001 731 1198 814 obsecrabo:

180 869 313 929 tantum
326 873 389 939 ego
404 853 439 914 in
452 849 634 917 excellente
648 863 790 930 oratore,
813 863 847 913 et
867 852 986 916 eodem
1009 853 1082 916 viro
1104 857 1203 937 bono,

178 1000 272 1065 pono
298 999 369 1056 esse
394 975 578 1040 ornamenti
601 974 760 1038 universae
774 973 924 1063 civitati:
949 977 1001 1041 sin
1024 977 1202 1063 videbitur,

185 1124 266 1168 cum
280 1101 393 1167 omnia
405 1121 534 1177 summe
548 1095 675 1172 lecerit,
688 1112 801 1157 tamen
813 1096 1048 1163 admediocres
1058 1116 1204 1191 oratores

175 1249 257 1293 esse
284 1238 468 1296 venturum
490 1220 681 1304 permittam
707 1220 782 1302 ipsi,
808 1220 888 1303 quid
913 1224 1017 1300 velit3
1049 1228 1204 1294 molestus

179 1362 390 1428 magnopere
410 1334 478 1403 non
497 1362 578 1403 ero:
602 1340 653 1402 sin
677 1338 772 1422 plane
792 1339 993 1425 abhorrebit,
1018 1361 1052 1411 et
1075 1350 1138 1414 erit
1150 1353 1204 1417 ab·
1303 1374 1306 1377 ·

178 1471 319 1549 surdus,
346 1482 382 1531 ut
395 1466 611 1541 secontineat
624 1479 685 1541 aut,
693 1468 739 1541 ad,
747 1464 837 1541 aliud
859 1469 1004 1533 studium
1018 1475 1202 1558 transferat,

175 1592 379 1659 admonebo.
397 1564 400 1571 V
428 1586 519 1677 Nam
532 1611 637 1671 neque
652 1589 692 1667 is,
706 1590 762 1672 qui
775 1590 898 1672 optime
910 1606 1028 1674 potest,
1048 1598 1201 1665 deseren.

174 1698 248 1785 due
258 1715 326 1778 ullo
340 1715 449 1778 modo,
461 1727 513 1788 est
535 1733 555 1775 a
568 1713 793 1776 cohortatione
806 1727 919 1779 nostra
932 1741 941 1789 ;
962 1738 1070 1800 neque
1084 1722 1124 1799 is,
1145 1722 1203 1804 qui

21 1810 22 1893 l
79 1891 84 1901 .
174 1838 310 1921 aliquid
323 1826 705 1919 potcst,.deterreudus:
730 1830 820 1913 quod
842 1829 994 1909 alterum,
1020 1833 1204 1899 divinitatis

177 1962 267 2029 milii
280 1961 454 2046 cujusdam
465 1960 623 2025 videtur:
648 1957 803 2034 alterum,
826 1955 880 2017 vel
891 1975 959 2017 nou
970 1955 1091 2037 facere,
1114 1963 1204 2042 quod

171 2105 254 2151 ,non
267 2085 392 2167 optime
403 2082 524 2165 possis,
542 2081 594 2149 vel
607 2080 727 2159 facere,
752 2078 921 2161 quodnon
934 2077 1077 2160 pessime
1090 2078 1204 2165 facias,

181 2202 423 2273 humanitatis:
446 2204 581 2273 tertium
594 2225 674 2269 vero
688 2202 790 2281 illud,
807 2199 948 2265 clamare
970 2214 1083 2291 contra
1104 2226 1204 2286 quam

175 2324 304 2395 ,deccat
327 2340 360 2391 et
373 2347 473 2408 quam
495 2327 611 2410 possit,
631 2325 777 2391 hominis
799 2338 860 2402 est,
886 2337 923 2386 ut
940 2337 989 2403 tu,
1011 2324 1137 2406 Catule,
1159 2331 1204 2397 de

172 2448 328 2528 quodam
336 2448 559 2518 declamatore
572 2449 701 2527 dixisti,
709 2445 858 2512 stultitiae
869 2464 934 2507 suae
946 2446 1203 2530 quamplurimas

182 2576 286 2632 testes
312 2570 498 2633 domestico
518 2569 682 2651 praeconio
701 2566 893 2651 colligentis.
941 2565 992 2631 De
1005 2567 1069 2632 hoc
1091 2570 1203 2655 igitur,

173 2657 242 2770 *qni
268 2688 333 2749 erit
355 2688 445 2766 talis,
471 2702 509 2750 ut
533 2688 754 2753 cohortandus
779 2688 1047 2774 adjuvandusque
1069 2693 1124 2774 sit,
1157 2696 1205 2760 ita

181 2813 374 2893 loquamur,
401 2821 437 2871 ut
462 2809 492 2874 ei
517 2811 684 2886 tradamus
708 2833 746 2876 ea
767 2812 938 2892 duntaxat,
967 2835 1037 2896 quae
1051 2837 1111 2881 nos
1124 2842 1203 2886 usus
1226 2875 1233 2894 ,

184 2936 325 3010 docuit;
350 2950 386 2999 ut
396 2938 490 3002 uobis
512 2940 650 3003 ducibus
672 2940 783 3006 veniat
796 2960 848 3017 eo,
870 2963 935 3024 quo
949 2941 1018 3007 sine
1032 2944 1204 3033 duce''ipsi

178 3064 394 3147 pervenimus
410 3092 419 3141 ;
447 3069 604 3151 quoniam
617 3070 757 3133 meliora
770 3070 891 3134 docere
904 3064 970 3129 nou
983 3089 1167 3150 possumus.
1272 3149 1276 3156 Ι

1220 3213 1296 3230 ,μη

229 3308 251 3382 i·
267 3310 364 3371 xxl.
410 3311 525 3391 Atque
535 3317 593 3398 (ut
606 3331 626 3371 a
638 3308 793 3374 familiari
807 3321 920 3372 nostro
932 3301 1102 3394 exordiae)
1115 3309 1202 3376 hunc

177 3446 259 3513 ego,
275 3425 406 3502 Catule,
421 3426 754 3511 Sulpiciumprimum
765 3429 798 3491 in
809 3430 1066 3512 caussaparvula
1078 3429 1203 3514 adoles·

170 3546 355 3626 ¹centulum
369 3547 493 3627 audivi,
508 3570 601 3626 voce,
625 3561 658 3614 et
671 3549 789 3636 ¹forma,
814 3563 847 3612 et
870 3563 966 3613 motu
987 3546 1145 3631 corporis,
1170 3559 1203 3610 et

168 3671 320 3754 ,reliquis
334 3670 431 3732 rebus
445 3686 556 3756 aptum
570 3673 689 3738 adhoc
704 3694 833 3752 munus,
858 3676 899 3738 de
915 3694 980 3757 quo
1005 3673 1177 3768 quaerimus
1192 3698 1201 3737 :

182 3794 332 3859 oratione
348 3810 459 3862 autem
473 3801 570 3864 celeri
593 3814 625 3863 et
639 3801 802 3865 concitata
829 3803 937 3892 (quod
955 3816 1025 3866 erat
1047 3802 1200 3894 ingenii)

179 3934 216 3982 et
227 3920 337 3983 verbis
349 3922 635 3989 effervescentibus
649 3941 682 3990 et
691 3927 787 4011 paulo
799 3926 938 3988 nimium
948 3927 1204 3993 redundantibus

184 4041 291 4126 (quod
304 4055 374 4103 erat
388 4042 504 4126 etatis)
525 4065 591 4108 non
606 4070 679 4110 sum
694 4060 893 4133 aspernatus.
940 4048 1028 4115 Volo
1042 4052 1142 4127 enim,
1168 4071 1203 4111 se

181 4146 296 4223 efferat
318 4160 351 4226 iu
365 4161 571 4254 adolescente
591 4167 804 4260 foecunditas:
827 4190 905 4232 nam
919 4168 1048 4234 facilius
1070 4171 1156 4232 sicut
1169 4168 1203 4233 in

835 4277 838 4282 ⁴
1080 4285 1201 4354 vitibus
