2742 4950
478 348 680 410 Lis-er
723 347 769 409 11,
816 353 868 413 tt.
1110 359 1169 417 tas

155 518 362 603 ‘sineJejuna
375 513 611 578 concertatione
624 512 810 575 verborum.
855 511 928 577 Hoc
940 511 1015 576 loco
1040 536 1080 579 ne
1106 538 1172 603 qua

155 642 216 704 *sit
225 640 406 718 admiratio,
420 631 447 701 si
459 651 508 700 tot
521 650 748 717 tantarumque
761 645 871 697 rerum
882 635 968 699 nulla
980 659 1000 699 a
1014 661 1067 703 me
1092 662 1172 725 prae-
1245 642 1248 655 '

121 750 123 755 ’
163 772 260 843 cepta
271 770 444 843 ponentur,
457 747 504 818 sic
516 769 648 826 statu03
675 752 770 820 Utin
794 752 917 814 caeteris
939 752 1071 832 artibus,
1098 767 1173 819 culn

162 883 286 946 tradita
303 897 378 945 sunt
402 883 559 966 cujusque
584 878 662 942 artis
689 874 917 952 difficillima*
941 875 1075 966 reliqua,
1097 881 1174 961 quia

63 996 65 1001 ’
162 1017 221 1067 aut
229 1004 378 1066 faciliora
389 1016 444 1066 aut
458 1000 579 1063 similia
605 1012 691 1076 sunt,
704 998 788 1061 tradi
800 1018 868 1059 nou
881 1018 1011 1062 necesse
1024 1021 1092 1063 esse
1109 1027 1117 1075 ;
1140 1012 1175 1060 ut

161 1128 199 1190 in
213 1130 355 1212 pictura,
376 1125 440 1211 qui
467 1127 614 1189 hominis
642 1124 783 1206 speciem
803 1124 934 1207 pingere
954 1124 1178 1207 perdidicerit,

161 1273 266 1336 posse
280 1274 358 1316 eum
370 1250 515 1334 cujusvis
526 1249 577 1314 vel
591 1249 705 1315 formae
731 1248 783 1309 vel
805 1248 914 1324 aetatis,
932 1249 1033 1312 etiam
1059 1249 1087 1311 si
1112 1271 1177 1313 non

157 1368 335 1444 didicerit,
346 1367 476 1451 pingere
491 1387 613 1447 cneque
627 1387 698 1429 esse
713 1365 969 1448 periculumqut
980 1369 1178 1433 'leonemaut

155 1474 301 1552 taurum
309 1484 420 1567 pingat
430 1483 576 1568 egregie,
584 1505 625 1546 ne
638 1484 727 1548 idem
741 1483 774 1545 in
784 1484 899 1547 multis
911 1484 983 1547 aliis
997 1487 1176 1569 quadrupe·

158 1603 263 1668 dibus
277 1603 384 1670 facere
398 1607 598 1690 nonpossit:
633 1611 754 1692 (neque
779 1606 866 1673 enirn
888 1618 937 1668 est
962 1607 1097 1668 omnino
1121 1628 1173 1671 ars

160 1722 244 1799 ulla,
257 1723 290 1785 in
302 1745 366 1805 qua
378 1706 501 1801 omnia,
512 1721 651 1805 quaeilla
661 1734 730 1782 arte
744 1722 825 1784 effici
839 1737 985 1805 possunt,
998 1747 1017 1786 a
1039 1727 1175 1792 doctore

139 1840 144 1849 ’
158 1841 336 1909 tradantur
348 1866 357 1915 ;
368 1900 370 1908 ,
381 1841 440 1903 sed
455 1839 510 1923 qui
523 1838 746 1922 primarumet
760 1852 923 1935 certarum
933 1860 1044 1903 rerum
1060 1863 1179 1925 genera

162 1956 238 2042 ipsa
246 1959 444 2031 didicerunt,
457 1945 654 2040 reliquanon
665 1955 874 2018 incommode
896 1973 1136 2040 persequuntur
1150 1956 1177 2042 z)

154 2078 325 2141 ssimiliter
340 2078 492 2156 arbitror,
505 2078 537 2138 in
550 2077 609 2140 hac
620 2078 690 2142 sive
701 2077 826 2141 ratione
850 2076 918 2140 sive
943 2078 1176 2142 exercitatione

164 2205 316 2281 dicendi,
329 2202 384 2286 qui
397 2203 483 2268 illam
495 2204 562 2267 vim
574 2206 712 2289 adeptus
726 2204 779 2282 sit,
791 2217 827 2266 ut
841 2224 954 2265 eorum
969 2222 1104 2282 mentes,
1120 2208 1177 2289 qui

165 2338 227 2389 aut
240 2326 280 2389 dc
290 2326 478 2410 Republica,
487 2341 543 2390 aut
554 2329 594 2391 de
609 2325 711 2408 ipsius
724 2324 834 2401 rebus,
848 2337 903 2385 aut
924 2325 966 2385 dc
992 2324 1046 2401 iis,
1067 2340 1179 2390 contra

164 2466 261 2531 quos,
275 2458 331 2509 aut
343 2466 400 2529 pro
410 2447 527 2530 quibus
540 2438 640 2521 dicat,
653 2464 729 2505 cum
753 2441 862 2521 aliqua
885 2440 1046 2503 statuendi
1073 2454 1179 2530 potes.
1208 2495 1211 2503 Δ
1256 2463 1260 2470 ›

159 2581 232 2634 'tate
246 2573 393 2649 audiant,
406 2574 449 2636 ad
463 2591 561 2633 suum
574 2569 746 2629 arbitrium
759 2583 889 2633 movere
902 2563 1016 2647 possit,
1029 2564 1114 2630 hunc
1138 2570 1177 2634 de

160 2711 237 2759 toto
252 2695 310 2755 illo
325 2711 441 2774 genere
453 2687 654 2768 reliquarum
666 2683 843 2746 orationem
852 2703 915 2743 non
929 2683 1000 2765 plus
1027 2687 1179 2768 quaesitu.

163 2834 246 2875 rum
258 2831 342 2885 esse,
356 2808 436 2890 quid
450 2806 548 2882 dicat,
561 2827 657 2889 quam
670 2806 871 2891 Polycletum
885 2803 988 2883 illum,
1002 2828 1076 2870 cum
1092 2803 1176 2874 Her.

164 2923 277 3004 culem
294 2936 443 3019 fingebat,
457 2928 736 3015 quemadmodum
750 2931 867 3017 pellem
881 2945 936 2995 aut
960 2930 1098 3013 hydram
1120 2936 1178 2998 fin-

158 3076 269 3146 geret,
283 3058 411 3124 etiamsi
426 3056 491 3120 haec
505 3079 684 3140 numquam
710 3058 885 3143 separatim
906 3056 1013 3116 facere
1040 3054 1173 3120 didicis-

104 3233 107 3245 .
158 3203 228 3255 sset.

102 4309 125 4338 0

215 3430 228 3505 l
254 3430 370 3496 XVII.
417 3429 506 3492 Tum
519 3428 666 3508 Catulus,
679 3431 835 3500 Praeclare
847 3431 930 3495 niihi
943 3429 1079 3506 videris,
1107 3427 1177 3490 An-

159 3558 251 3633 toni,
266 3557 414 3638 posuisse
429 3567 501 3620 ante
517 3555 640 3633 oculos,
652 3556 734 3639 quid
754 3558 879 3623 discere
903 3564 1065 3640 oporteret
1091 3571 1178 3627 eum,

161 3685 226 3767 2qui
238 3697 349 3746 orator
360 3696 448 3745 esset
456 3682 608 3755 futurus;
633 3679 714 3763 quid
727 3683 839 3757 etiam,
863 3682 890 3746 si
912 3702 976 3744 uon
999 3675 1178 3760 didicisset,

171 3822 215 3862 ex
228 3822 280 3881 (ἑο,
293 3810 383 3889 quod
395 3809 579 3885 didicisset,
592 3823 794 3884 assumeret3
828 3808 994 3875 dednxisti
1018 3810 1105 3874 enim
1130 3823 1179 3874 to·
1251 3880 1252 3883 Ἴ

168 3934 240 3985 tum
255 3926 427 3992 hominurn
441 3930 475 3993 in
484 3931 550 3993 duo
563 3930 670 3993 solum
682 3952 803 4016 genera
816 3951 1005 4010 caussarum
1019 3959 1027 4007 3
1064 3946 1180 3995 caetera

161 4041 419 4111 {innumerabilia
444 4051 671 4114 exercitationi
698 4066 732 4115 et
758 4050 967 4117 similitudini
1006 4049 1176 4135 reliquisti·

1112 4168 1177 4229 Sed

200 4336 213 4363 ’
226 4335 390 4405 vdifficillimo
405 4360 490 4410 agrees
506 4345 709 4415 withptaeeepta
723 4348 877 4402 understood
971 4371 976 4378 ·
