2742 4950
481 404 857 479 Luculso.
1153 424 1194 487 ω

199 582 322 670 quam*
332 579 503 646 scientiam
516 554 648 644 dicendi
657 576 752 677 copia
774 589 824 638 est
844 548 1046 641 consecutus.
1105 580 1197 646 Mul.

195 704 262 769 tum
274 704 359 770 iuter
369 725 402 767 se
416 702 539 767 distant
551 700 620 764 istae
628 699 810 775 facultates,
819 680 976 783 longeqde
989 715 1065 765 sunt
1088 697 1199 767 diver.

191 840 233 886 ⁸ae
248 834 345 904 atque
358 821 516 907 sejunctae
531 844 541 894 ;
563 836 669 901 neque
681 820 797 883 eadem
808 814 931 879 mitione
946 837 983 878 ae
994 818 1050 881 via
1061 818 1113 881 M.
1135 819 1197 884 Ca-

189 953 235 1021 to,
251 944 291 1007 P.
307 943 499 1023 Africanus*
513 943 556 1020 Q.
571 932 743 1021 Metellus,
757 940 796 1002 C.
811 939 946 1017 Laelius,
958 939 1014 1021 qui
1026 962 1138 1006 omnes
1151 944 1197 1008 el·
1299 978 1307 991 ·

190 1078 351 1147 oqueutes
364 1062 508 1153 fuerunt,
516 1064 702 1130 orationem
714 1078 808 1124 suam
819 1071 853 1123 et
867 1056 1071 1141 Reipublicae
1096 1061 1201 1145 digni·

189 1200 296 1252 tatem
308 1189 519 1255 exornabant.
1087 1174 1090 1179 ¹

1137 1318 1249 1347 ..n-⁴,

238 1434 252 1510 i
279 1433 322 1495 L.
367 1431 484 1514 Neque
498 1428 586 1493 enim
600 1441 650 1493 est
662 1427 874 1491 interdictum
888 1444 944 1494 aut
959 1452 1096 1497 arerum
1107 1449 1200 1499 natu·

194 1568 243 1631 ra,
254 1562 312 1613 aut
326 1570 346 1612 a
358 1548 431 1634 lege
447 1548 554 1630 aliqua
568 1562 662 1632 atque
676 1566 779 1638 more,
793 1563 828 1612 ut
853 1551 989 1637 singulis
1013 1557 1201 1624 homiuibus

189 1691 231 1736 ue
245 1670 401 1754 amplius,
416 1690 513 1752 quam
526 1667 669 1755 singulas
678 1681 776 1746 artes,
788 1688 884 1733 nosse
907 1673 1016 1740 liceat.
1086 1681 1200 1755 Quare

96 1876 101 1883 ‚
194 1812 273 1874 nou,
286 1792 348 1855 etsi
362 1792 647 1876 eloquentissimus
663 1791 803 1855 Athenis
818 1792 974 1873 Pericles,
990 1795 1143 1877 idemque
1168 1797 1203 1860 iu

192 1943 231 1985 ea
241 1921 372 1984 civitate
385 1920 543 2003 plurimos
556 1938 657 1982 annos
670 1919 820 2002 princeps
832 1918 960 1981 consilii
973 1920 1095 2002 publici
1117 1917 1204 2002 fuit,

193 2036 321 2100 idcirco
335 2035 483 2121 ejusdem
508 2034 652 2098 hominis
679 2048 776 2117 atque
802 2035 881 2099 artis
906 2049 1044 2118 utraque
1067 2036 1204 2101 facultas

194 2152 418 2225 existimanda
427 2171 475 2222 est
487 2183 495 2232 ;
509 2177 579 2240 nec,
592 2160 620 2223 si
635 2160 816 2224 P.Crassus
826 2160 915 2225 idem
925 2160 988 2224 fuit
1001 2162 1159 2246 eloquens
1170 2174 1206 2226 et

190 2283 281 2369 juris
303 2280 435 2367 peritus,
446 2280 487 2341 ob
500 2302 574 2344 eam
588 2304 738 2347 caussam
749 2283 835 2347 inest
847 2283 882 2346 in
894 2283 1047 2347 facultate
1071 2281 1205 2368 dicendi

189 2404 278 2495 juris
291 2407 397 2472 civilis
409 2407 556 2471 scientia.
574 2409 610 2471 Si
626 2409 778 2493 quisque,
798 2422 834 2469 ut
848 2408 882 2468 in
897 2408 1006 2488 aliqua
1016 2421 1083 2468 arte
1095 2422 1128 2471 et
1140 2379 1205 2471 fac-

192 2537 293 2603 ultate
307 2537 468 2603 excellens
481 2536 582 2599 aliam
591 2555 721 2617 quoque
733 2548 838 2595 artem
865 2533 926 2594 sibi
953 2535 1153 2614 assumserit,
1177 2535 1205 2601 is

191 2662 354 2744 perficiet,
366 2672 416 2736 ut,
430 2659 520 2737 quod
532 2664 690 2734 praeterea
701 2653 792 2734 sciet,
806 2654 841 2718 id
852 2656 933 2741 ejus,
953 2658 988 2718 in
1011 2678 1076 2740 quo
1102 2658 1207 2723 excel·

192 2781 257 2856 let,
266 2797 342 2861 pars
354 2774 505 2859 quaedam
518 2794 588 2837 esse
599 2771 747 2842 videatur
758 2803 767 2853 3
790 2776 869 2841 licet
881 2778 944 2843 ista
963 2782 1089 2844 ratione
1116 2783 1206 2846 dica·

195 2896 362 2983 muszpila
373 2897 453 2962 bene
465 2908 498 2960 et
509 2894 682 2960 duodecim
704 2900 855 2986 scriptis†
891 2903 1017 2984 ludere,
1038 2904 1208 2988 proprium

194 3038 269 3086 esse
278 3013 364 3105 juris
376 3015 494 3094 civilis,
503 3015 657 3098 quoniam
668 3032 845 3104 utrumque
870 3041 985 3096 eorum
1009 3022 1047 3083 P.
1074 3022 1206 3085 Mutius

195 3143 321 3227 optime
364 3139 503 3206 fecerit:
539 3141 720 3223 eademque
744 3141 870 3202 ratione
896 3140 1047 3202 dicantur
1067 3107 1101 3201 et
1126 3160 1208 3222 quos

197 3271 222 3351 χ
229 3268 399 3354 phusikous
415 3265 523 3330 Graeci
537 3264 719 3346 nominant,
728 3264 832 3330 iidem
845 3265 1119 3349 poetae,quoniam
1132 3265 1212 3331 Em·

150 3380 155 3386 ’
199 3385 355 3471 peducles
365 3388 516 3471 physicus
531 3389 703 3478 egregium
712 3412 831 3475 poema
841 3382 972 3456 feceret.
1018 3393 1067 3456 At
1078 3391 1141 3456 hoc
1164 3414 1207 3459 ne

200 3506 388 3593 philosophi
397 3507 529 3589 quidem
541 3509 615 3594 ipsi,
629 3510 685 3594 qui
699 3512 820 3591 omnia,
832 3512 917 3576 sicut
929 3510 1072 3595 propria,
1085 3530 1144 3573 sua
1156 3530 1208 3572 es·

200 3650 235 3696 te
248 3641 344 3711 atque
358 3650 419 3694 ase
428 3630 589 3714 possideri
600 3631 725 3714 volunt,
749 3633 858 3699 dicere
878 3633 1008 3712 audent,
1034 3632 1211 3718 geometri-

571 3752 613 3818 M
1143 3777 1210 3824 *am

229 3965 242 3994 '
261 3963 379 4029 Aliquam
395 3963 442 4012 ie
459 3960 553 4020 ullam3
574 3965 645 4015 asin
660 3964 787 4029 Dialogue
806 3964 842 4012 11.
861 3964 935 4014 XIV.
1014 4011 1018 4020 ,

231 4069 247 4133 i
264 4070 367 4136 Scriptus
385 4080 413 4114 or
427 4068 541 4133 scriptum
557 4082 654 4127 meent,
671 4065 803 4131 according
818 4075 845 4112 to
862 4079 941 4123 some,
958 4079 974 4114 a
990 4069 1060 4116 'stone
1076 4082 1105 4116 or
1120 4061 1214 4129 pebble‚

200 4166 262 4221 used
276 4170 307 4232 by
324 4172 368 4218 the
385 4167 496 4217 ancients
518 4168 544 4215 in
560 4183 576 4216 a
592 4165 653 4217 kind
669 4167 701 4217 of
713 4168 780 4234 play.
830 4165 925 4215 Others
949 4161 1098 4215 understand
1117 4165 1149 4224 by
1171 4168 1214 4217 the

201 4272 274 4329 word
291 4287 307 4322 a
324 4270 384 4321 kind
401 4270 431 4321 of
443 4272 509 4338 play,
527 4274 554 4322 in
569 4274 654 4325 which
670 4276 713 4328 the
728 4285 827 4327 cessem
843 4272 893 4326 aud
909 4247 999 4326 calcidi
1010 4284 1076 4321 were
1092 4268 1157 4322 used

154 4375 162 4390 '
239 4371 413 4444 ll'husikuus
433 4375 583 4427 naturalius
1027 4372 1030 4382 '
