2742 4950
427 363 632 425 ”ersn
677 357 800 453 ΠΛ.
1085 368 1157 424 ι11ῦ
1211 438 1216 445 ,

122 508 315 616 ‘permultis
336 533 376 594 de
399 500 585 612 eloquentia
610 547 685 589 cum
708 522 855 587 Antonio
875 524 1081 604 disseruisse,
1108 540 1160 607 et,

120 664 317 734 tamquam
330 651 363 713 in
375 648 498 735 schola,
510 667 610 731 prope
630 646 673 708 ad
685 646 875 707 Graecorum
890 647 1161 712 consuetudinem

118 772 340 856 disputasse.
385 773 500 838 Itame
512 768 615 830 frater
628 765 789 844 exoravit,
799 786 839 828 ne
855 763 961 846 ipsum
975 766 1110 847 quidem
1138 791 1159 833 a

121 893 252 958 -studio
267 893 428 959 audiendi
441 889 541 953 nimis
550 888 792 964 abhorrentem,
818 885 878 949 sed
899 870 1083 953 mehercule
1108 912 1161 956 ve.

119 1031 282 1096 ,z-rentem,
295 1040 338 1081 ne
352 1011 483 1078 molesti
495 1009 589 1074 vobis
602 1009 887 1085 interveniremus,
906 1021 949 1093 hut
958 1007 1023 1070 huc
1036 1033 1161 1087 secum

135 1139 297 1204 venirem
311 1161 320 1200 t
346 1135 524 1201 Scaevolam
536 1131 627 1195 euim
637 1131 685 1192 ita
697 1128 806 1191 dicere
821 1118 949 1208 aiebat,
960 1130 1081 1194 bonam
1093 1156 1166 1218 par.

120 1272 209 1322 .tem
225 1256 397 1323 sermonis
410 1256 445 1315 iu
452 1254 541 1314 hunc
552 1250 643 1314 diem
654 1271 725 1312 esse
736 1247 878 1312 dilatam.
931 1252 1005 1315 Hoc
1020 1254 1047 1315 si
1062 1269 1098 1317 tu
1112 1278 1166 1318 cu·

120 1379 260 1464 ,pidius
275 1378 402 1439 factum
414 1372 596 1449 existimas,
607 1367 728 1436 caesari
751 1370 906 1433 attribues
922 1398 932 1446 ;
955 1373 983 1435 si
1010 1374 1174 1441 familias·

133 1493 207 1572 ius,
220 1492 358 1572 utrique
373 1502 521 1550 nostrum
536 1514 546 1563 3
568 1507 629 1548 nos
644 1483 789 1571 quidem,
801 1485 865 1549 nisi
876 1485 959 1554 forte
974 1492 1104 1557 molesti
1116 1495 1164 1569 in„

124 1588 508 1687 ·terueuimus‚,'venisse
520 1608 676 1672 delectat.

178 1855 294 1931 dlv.
336 1855 432 1919 Tum
452 1851 795 1935 'Crassumequidem
821 1874 1031 1940 quacumque
1057 1881 1172 1925 caussa

140 1997 206 2039 vos
218 1978 290 2041 huc
303 1978 477 2058 attulisset,
489 1976 627 2057 laetarer,
642 1996 718 2038 cum
733 1978 820 2058 apud
834 1996 887 2040 me
899 1979 1048 2043 viderem
1061 1972 1179 2048 henli-⁸

141 2122 206 2166 ⁴nes
216 2103 304 2167 mihi
326 2106 514 2168 carissimos
537 2119 570 2171 et
585 2101 826 2177 amicissimos;
852 2105 911 2168 sed
940 2116 1053 2168 tamen
1074 2094 1168 2199 (vere

126 2272 130 2279 .
144 2225 283 2309 dicam)
298 2228 422 2309 quaevis
435 2229 563 2294 mallem
574 2228 703 2305 fuisset,
720 2247 819 2308 quam
846 2227 920 2305 ista,
945 2248 1044 2311 quam
1071 2231 1167 2294 dicis.

148 2348 230 2436 Ego
257 2352 347 2417 enim
380 2359 444 2443 (ut,
468 2354 749 2437 quemadmodum
771 2352 889 2430 sentio,
920 2350 1053 2435 loquar)
1076 2376 1169 2417 num·

147 2494 251 2559 quam
261 2475 343 2538 mihi
370 2478 497 2557 minus,
518 2501 618 2559 quarn
643 2478 800 2541 hesterno
820 2474 886 2552 die,
909 2474 1040 2559 placui:
1065 2480 1170 2563 magis

143 2597 234 2661 ‚adeo
249 2599 285 2662 id
296 2579 467 2677 facilitati,
493 2619 595 2679 quam
620 2595 685 2657 alia
707 2596 775 2660 ulla
795 2597 887 2681 culpa
912 2620 987 2661 mea
1009 2598 1148 2683 contigit
1160 2627 1170 2675 ;

148 2723 223 2801 qui,
239 2722 322 2781 dum
334 2714 783 2798 obsequor=adolescentibus,
797 2740 849 2782 me
870 2740 982 2783 senem
1003 2740 1076 2782 esse
1097 2742 1171 2784 sum

147 2846 300 2918 oblitus;
325 2843 461 2927 fecique‘
470 2844 515 2922 id,
539 2842 628 2925 quod
651 2864 692 2905 ne
719 2844 909 2911 adolescens
933 2848 1069 2930 quidem
1084 2850 1170 2913 fece·

147 2987 237 3044 ram,
251 2981 287 3030 ut
300 2966 391 3029 iisde
405 2968 514 3045 rebus,
528 2985 600 3048 quae
623 2967 775 3030 doctrina
788 2968 898 3050 aliqua
912 2970 1170 3048 continerentur,

126 3093 131 3172 ζ
149 3092 367 3176 disputarem.
415 3091 482 3155 Sed
494 3091 558 3153 hoc
568 3104 679 3153 tamen
691 3090 812 3168 cecidit
824 3089 908 3150 mih-i
921 3104 1172 3171 peropportune,

151 3217 256 3295 quod,
265 3215 438 3296 tpansactis
445 3214 518 3299 jam
531 3215 614 3279 meis
626 3213 786 3297 partibus,
797 3211 840 3274 ad
869 3211 1054 3274 Antonium
1080 3211 1173 3275 audi·

152 3335 280 3396 endum
294 3334 442 3396 venistis.
489 3333 580 3397 Turn
590 3335 716 3413 Caesar,
729 3333 895 3417 Equidem
910 3331 1026 3415 inquit,
1041 3334 1173 3416 Crasse,

151 3455 200 3520 ita
211 3476 286 3519 sum
299 3454 438 3540 cupidus
450 3467 483 3515 te
497 3455 531 3515 in
545 3455 600 3518 illa
611 3432 760 3540 longiore
784 3478 821 3518 ac
846 3470 1004 3541 perpetua
1029 3460 1174 3542 disputa·

152 3569 242 3637 tione
258 3573 426 3654 audiendi,
438 3587 486 3652 ut,
494 3574 523 3650 si
537 3574 573 3636 id
586 3573 668 3636 mihi
693 3572 802 3636 minus
828 3575 1007 3658 contingat,
1031 3575 1084 3638 vel
1109 3576 1172 3643 hoc

154 3698 218 3760 sim
227 3697 423 3780 ¹quotidiano
436 3711 495 3761 tuo
509 3720 660 3764 sermone
675 3712 859 3765 contentus.
907 3699 1022 3783 Itaque
1047 3708 1174 3789 experi.

153 3841 189 3883 ar
207 3822 360 3903 equidem
370 3822 466 3901 illud,
479 3835 517 3884 ut
527 3822 756 3906 neSulpitius
778 3820 950 3885 familiaris
974 3817 1089 3906 meus,
1117 3844 1174 3894 aut

158 3941 257 4004 Cotta
267 3940 353 4024 plus,
368 3962 467 4023 quam
478 3962 553 4027 eg0,
564 3944 650 4025 apud
662 3955 695 4006 te
708 3940 816 4005 valere
828 3939 981 4004 videatur
996 3967 1005 4016 3
1030 3955 1063 4006 et
1075 3959 1108 4007 te
1118 3950 1186 4009 ex·'

139 4040 432 4161 sorabo'profecto,
446 4085 483 4137 ut
495 4069 578 4133 mihi
592 4089 723 4153 quoque
735 4080 769 4131 et
782 4064 900 4132 Catulo
908 4079 974 4135 tuae
1002 4069 1172 4134 suavitatis

519 4175 521 4180 ι
968 4173 969 4178 ¹
1028 4189 1173 4273 “aliquid
