2742 4950
485 374 883 451 ,Lrnrnlzffi
1152 372 1190 446 ἐι

179 563 231 624 'm‘
240 548 370 622 dicendo
380 548 571 624 ohservare,
585 540 740 608 docuisti.
777 542 1052 626 Nunc,quoniarn
1060 556 1198 631 uterque

184 690 329 746 vestrum
353 668 512 758 patefecit
533 687 647 731 earum
669 685 782 728 rerum
796 665 937 749 ipsarum
952 665 1089 746 aditum,
1113 690 1196 751 quas

183 794 380 884 (sumimus,
403 812 438 863 et
451 795 606 881 quoniam
619 768 769 877 princeps
781 791 929 855 'Crassus
951 792 1021 879 ejus
1032 793 1196 856 sermonis

176 920 422 998 ordiendi'fuit',
437 917 511 982 date
520 915 615 978 nobie
624 913 709 977 hanc
720 912 861 991 veniam,
873 928 911 976 ut
921 933 972 992 ea,
985 930 1055 1021 guse
1069 914 1196 979 sentitis

182 1044 228 1110 de·
241 1044 336 1107 omni
351 1062 468 1128 genere
477 1038 622 1117 dicendi,
635 1035 798 1100 subtiliter
804 1035 1058 1119 persequamini.
1097 1035 1198 1108 Quod

182 1169 325 1252 quidem
349 1168 378 1229 si
400 1166 464 1228 erit
483 1186 505 1228 a
522 1161 618 1227 vobis
637 1160 859 1244 impetratum,
885 1156 1037 1241 magnam
1061 1154 1198 1234 habebo,

185 1293 328 1367 Crasse,
338 1287 580 1371 huiepalaestrae
591 1283 819 1351 et‘hrseuiano
829 1296 886 1345 tuo
896 1280 1044 1365 gratiam,
1060 1296 1092 1344 et
1099 1282 1196 1366 longe

187 1409 383 1475 Academiae
402 1406 449 1470 ilii
459 1429 495 1471 ac
506 1409 619 1492 Lyceo
637 1421 732 1470 tuum
751 1404 813 1467 hoc
827 1403 1045 1467 suburbanum
1059 1426 1192 1489 gymna.

185 1531 276 1592 sium
291 1539 494 1610 anteponam.

169 1776 176 1780 ’
231 1748 373 1848 t'xxss.
399 1773 564 1854 Tumille,
579 1773 655 1834 Imo
666 1790 758 1849 vero,
768 1763 885 1852 inquit,
899 1771 1030 1855 sulpiti,
1042 1791 1195 1854 rogemus

187 1895 386 1976 Antonium,
401 1898 457 1980 qui
467 1910 500 1959 et
512 1909 623 1979 potest
632 1894 739 1960 facere
751 1894 797 1973 id,
809 1895 898 1976 quod
910 1895 1062 1975 requiris,
1077 1908 1110 1954 et
1123 1912 1197 1954 con-

184 2020 625 2097 suerit,utteaudiodicere.
651 2018 743 2080 Nam
752 2036 805 2077 me
815 2015 948 2097 quidem
958 2015 1062 2081 fateor
1070 2036 1198 2101 semper

183 2140 485 2224 agenerehoetoto
495 2140 651 2202 sermonis
659 2132 1089 2222 refugisse,ettibi‘cupienti
1100 2152 1196 2221 atque

189 2254 325 2316 instanti
336 2251 511 2337 ‘saepissime
532 2276 679 2340 negasse,
709 2269 752 2318 ut·
767 2246 840 2318 tute
850 2255 947 2338 paulo
961 2270 1035 2319 ante
1059 2256 1196 2319 dixistis

183 2374 279 2457 quod
303 2395 364 2459 ego
375 2395 442 2437 non
454 2376 616 2458 superbia,
638 2398 741 2458 neque
756 2375 991 2473 inhumanitate
1011 2374 1172 2437 faciebam
1187 2400 1196 2449 ς

186 2511 293 2580 neque
331 2520 396 2582 quo
422 2512 481 2563 tuo
505 2499 618 2562 studio
650 2499 834 2563 rectissimo
860 2511 956 2579 atque
981 2495 1105 2581 optimo
1131 2516 1203 2559 uon

184 2618 324 2700 obsequi
338 2619 471 2697 vellem,
490 2620 753 2700 prasertim'cuin
766 2634 800 2683 te
814 2639 916 2682 unum
929 2639 971 2683 ex
984 2616 1134 2681 omnibus
1157 2616 1200 2679 ad

184 2738 370 2821 dicundum
395 2735 547 2798 maxime·
567 2750 681 2802 natum·
701 2755 876 2824 aptumque
901 2747 1116 2824 cognossem
1140 2738 1198 2802 sed

189 2856 374 2923 mehercule
388 2845 483 2924 istius
504 2862 735 2947 disputationis
755 2865 939 2943 insolentia,
965 2877 1066 2947 atque
1083 2883 1195 2929 earum

188 2997 311 3060 rerum,
336 3001 408 3067 quae
432 2985 525 3066 quasi
552 2985 586 3046 in
610 2997 679 3050 arte
704 2988 887 3066 traduntur,
911 2987 1050 3050 inscitia.
1109 2988 1199 3058 Tum

188 3105 297 3181 Cotta,
310 3103 479 3178 Quoniam
491 3081 550 3182 id,
563 3107 657 3186 quod*
667 3105 892 3172 difficillimum
903 3107 997 3168 nobis
1010 3103 1193 3178 videbatur,

189 3243 226 3291 ut
247 3223 443 3291 omninode
468 3228 521 3289 his
544 3228 658 3301 rebus,
690 3229 817 3310 Crasse,
843 3234 1026 3315 loquerere,
1061 3226 1198 3293 assecuti

141 3379 144 3390 ·
182 3355 334 3419 ‘sumus3
358 3348 399 3409 de
413 3347 543 3427 reliquo
551 3346 623 3429 jam
635 3364 745 3414 nostra
758 3354 852 3437 culpa
874 3352 984 3431 fuerit,
1012 3352 1039 3413 si
1064 3364 1110 3429 te,
1133 3348 1197 3411 nisi

188 3472 313 3548 omnia,
328 3489 401 3552 quae
413 3469 611 3554 percunctati
624 3439 757 3555 erimus,
769 3474 950 3559 explicaris.
963 3472 1195 3539 dimiserimus.

190 3595 242 3657 De
256 3595 319 3675 his,
332 3596 442 3674 credo,
456 3595 562 3674 rebus,
574 3591 683 3680 ¹inquit
698 3595 847 3676 Crassus,
871 3610 908 3659 ut
922 3596 956 3659 in
970 3569 1194 3661 cretionibus*

189 3714 288 3777 scribi
309 3716 402 3796 solet,
429 3714 715 3789 (dumus-'Semne
738 3698 962 3797 Pornnooun.
1010 3715 1100 3777 Tum
1127 3713 1195 3794 ille,

1030 3831 1196 3918 Namque,

219 3992 231 4020 ⁴*
250 3994 369 4050 Cretioroer,
383 3991 599 4053 administratione,
617 3992 768 4042 solemnities
778 4003 804 4041 at
814 3994 925 4055 entering
935 4007 967 4039 on
978 4007 1009 4040 an
1021 4002 1104 4042 estate.
1133 3994 1189 4040 The

173 4097 303 4166 =creti0nes
312 4113 379 4149 were
391 4098 420 4146 of
427 4108 478 4147 two
487 4097 559 4147 kinds
570 4118 576 4155 t
596 4101 639 4147 the
649 4111 695 4145 one
705 4097 798 4162 vulgar,
817 4100 844 4148 in
853 4099 937 4148 which
950 4101 992 4146 the
1002 4061 1092 4154 morde,
1112 4094 1194 4158 quidue

182 4195 362 4260 mimimo
373 4197 571 4253 wereissssertedt
590 4199 633 4247 the
642 4198 713 4250 other
722 4199 839 4260 absolute,
857 4199 976 4250 inwhish
994 4201 1051 4259 they
1069 4207 1145 4246 were·
1156 4204 1200 4243 not

189 4275 301 4351 inserted.
335 4304 438 4369 Ulpiau.
456 4306 510 4354 Tit.
528 4306 569 4356 22.
1115 4265 1121 4282 Ι
1201 4298 1203 4304 ’
