2742 4950
108 312 151 372 36
396 301 823 373 ΒιΟιΔτοιιι

108 475 151 539 de
171 474 268 537 rebus
285 470 586 556 jejunequosdarn
613 485 647 535 et
670 473 812 557 exiliter,
838 486 874 536 ut
899 460 986 573 eum,
1013 495 1111 562 quent

108 597 332 663 acutissimum
344 596 463 679 ferunt,
479 597 700 685 Chrysippum
713 580 942 687 disputavisse,
958 625 1062 687 neque
1075 607 1118 668 ob

107 744 179 788 eam
191 720 485 807 remphilosophiae
493 746 560 794 non
571 726 780 809 satisfecisse,
794 729 882 812 quod
890 749 956 791 non
966 728 1117 793 habuerit

91 844 187 919 ⁴hamc
200 842 330 907 dicendi
345 844 380 905 in
393 856 460 909 arte
473 846 579 909 aliena
590 820 791 912 facultatem.
1018 824 1020 831 ‚

146 1053 161 1130 l
176 1052 260 1118 ΧΠ.
304 1052 398 1131 Quid
408 1078 487 1143 ergo
500 1055 657 1123 interest?
673 1075 729 1124 aut
741 1060 796 1142 qui
808 1056 976 1123 discernes
989 1077 1115 1135 eorum,

104 1196 187 1260 quos
213 1178 394 1259 nominavi,
426 1182 609 1272 ubertatem
637 1180 832 1247 indicendo
856 1197 888 1247 et
912 1174 1060 1268 copiam,
1078 1180 1120 1245 ab

105 1324 220 1367 eorum
228 1302 388 1381 exilitate,
417 1303 473 1385 qui
495 1301 557 1365 hac
580 1303 714 1367 dicendi
727 1308 884 1368 varietate
908 1319 942 1369 et
959 1308 1119 1392 elegantia

104 1446 171 1487 non
186 1428 345 1490 utuntur?
371 1429 488 1494 Unum
513 1423 575 1488 erit
595 1424 755 1508 profecto,
778 1425 868 1508 quod
891 1425 927 1503 ii,
951 1427 1008 1508 qui
1033 1431 1116 1490 bene

103 1546 228 1627 dicunt,
243 1546 387 1636 ⁸afferunt
400 1548 593 1633 proprium,
629 1546 844 1631 compositam
869 1546 1052 1610 orationem
1082 1560 1116 1609 et
1218 1575 1221 1579 ⁷

102 1686 262 1751 ornatam,
284 1685 317 1734 ct
331 1667 469 1736 artificio
484 1649 625 1754 quodam
650 1686 684 1736 et
697 1670 894 1753 expolitione
909 1668 1109 1732 distinctam.

103 1792 186 1858 Haec
199 1807 309 1857 autem
321 1792 439 1874 oratio,
451 1792 479 1857 si
494 1814 545 1860 res
558 1815 624 1857 non
637 1794 748 1857 subest
761 1793 801 1857 ab
813 1805 942 1856 oratore
956 1805 1111 1876 percepta

103 1928 137 1979 et
145 1918 288 2002 cognita,
302 1931 358 1982 aut
365 1916 455 1981 nulla
464 1917 508 2005 sit
518 1939 651 1983 necesse
666 1918 727 1998 est,
741 1932 796 1982 aut
807 1915 954 2003 omnium
965 1915 1118 1978 irrisione

39 2062 43 2083 ι
100 2033 242 2100 ludatur.
289 2036 383 2110 Quid
394 2052 444 2100 est
457 2041 545 2102 enirn
559 2054 628 2103 tam
642 2040 818 2121 furiosum,
830 2063 928 2123 quam
944 2021 1119 2106 verborum

104 2156 158 2220 vel
181 2154 381 2239 optimorum
407 2165 503 2235 atque
529 2156 816 2221 ornatissimorum
841 2162 967 2225 sonitus
994 2162 1113 2241 inanis,
1173 2173 1178 2181 ’

101 2267 510 2362 nullssubjectasententia
517 2293 576 2336 nec
584 2273 741 2336 scientia?
757 2272 926 2357 Quicquid
935 2254 1000 2338 erit
1008 2279 1121 2360 igitur,

101 2427 304 2495 quacumque
316 2426 359 2467 ex
372 2416 453 2485 arte,
466 2420 672 2486 quocumque
688 2400 729 2463 de
744 2419 873 2486 genere,
887 2399 922 2461 id
933 2414 1054 2482 orator,
1068 2403 1108 2483 si,

100 2540 269 2608 tamquam
294 2524 421 2588 clientis
446 2547 605 2604 caussam,
630 2523 796 2605 didicerit,
822 2522 912 2632 dicet
934 2521 1052 2585 melius
1074 2537 1107 2588 et

101 2633 260 2722 ornatius,
274 2665 372 2726 quarn
386 2643 440 2705 ille
454 2644 524 2725 ipse
538 2648 609 2727 ejus
623 2646 671 2707 rei
687 2646 861 2712 inventor*
874 2657 970 2726 atque
980 2644 1108 2709 artifex.

102 2765 193 2828 Nam
206 2761 233 2825 si
249 2761 321 2844 quis
336 2762 409 2841 erit,
422 2764 477 2848 qui
491 2764 554 2824 hoc
568 2761 667 2838 dicat,
683 2762 766 2825 Esse
777 2765 936 2843 quasdam
945 2763 1112 2827 oratorum

101 2886 248 2974 proprias
270 2884 448 2947 sententias
472 2897 567 2966 atque
582 2904 726 2959 caussas,
752 2894 785 2945 et
810 2876 975 2945 certarum
998 2905 1109 2949 rerum

101 3004 288 3071 forensibus
303 3002 452 3068 cancellis
467 3000 747 3084 circumscriptam
769 3000 964 3077 scientiam;
985 3002 1112 3068 fatebor

102 3128 258 3212 equidem
282 3128 317 3190 in
342 3125 394 3189 his
421 3124 527 3211 magis
554 3122 682 3187 assidue
709 3122 832 3185 versari
858 3123 942 3186 hanc
964 3138 1109 3188 nostram

106 3252 283 3315 dictionem
296 3275 304 3312 ι
329 3225 389 3312 sed
401 3263 512 3312 tamen
534 3245 567 3339 in
581 3243 632 3307 his
645 3243 724 3327 ipsis
737 3245 838 3306 rebus«
847 3245 1009 3328 permulta
1023 3259 1110 3326 sunt,

955 3377 957 3380 '
1046 3390 1116 3452 quae

129 3620 143 3647 '⁸
160 3621 225 3668 This
234 3634 293 3682 may
304 3620 334 3667 bc
343 3626 403 3675 true,
415 3595 481 3665 with
489 3615 576 3680 regard
587 3627 613 3665 to
619 3615 749 3681 eloquenee
759 3614 791 3664 of
795 3614 924 3682 language,
935 3613 986 3664 and
991 3614 1120 3679 proprietyz

112 3719 332 3787 §pronunciatiom
353 3703 479 3784 including
492 3721 554 3769 voice
566 3718 615 3768 and
621 3731 720 3787 gemere.
754 3720 813 3775 But,
825 3717 849 3766 if
857 3735 897 3768 we
907 3718 996 3781 regard
1005 3719 1048 3765 the
1057 3714 1119 3764 ends

116 3822 132 3887 ff
137 3822 264 3889 speaking,
282 3823 367 3872 which
378 3838 419 3871 are
429 3831 455 3869 to
465 3836 540 3870 move
549 3820 598 3884 apd
608 3820 734 3886 persuade,
752 3836 792 3870 we
803 3820 865 3869 shall
876 3821 928 3869 find
939 3823 981 3870 the
992 3821 1047 3869 best
1056 3835 1113 3884 way

114 3943 117 3948 ’
132 3911 232 3976 succeed
247 3925 269 3973 is
277 3924 364 3994 toseeI.
400 3927 426 3975 A
438 3941 507 3985 man,
519 3928 579 3975 who
589 3927 610 3974 is
620 3924 728 3975 himself
741 3923 825 3991 deeply
839 3924 970 3974 interested
981 3925 1006 3973 in
1017 3942 1032 3974 a
1047 3938 1119 3973 cause

111 4040 211 4090 ..event
223 4043 291 4093 may,
298 4028 361 4098 with
370 4027 440 4093 equal
448 4029 541 4092 ability‚
552 4027 602 4078 and
610 4028 671 4077 little
681 4028 761 4093 study,
771 4026 847 4078 make
852 4039 948 4095 greater
956 4024 1116 4095 impressione

113 4145 129 4192 a
140 4148 172 4181 an
181 4132 312 4206 assemhly,
325 4134 386 4187 than
397 4135 501 4181 another
510 4134 574 4183 with
582 4131 616 4181 all
626 4132 668 4181 the
677 4133 826 4199 application
837 4130 886 4183 and
895 4144 931 4182 art
944 4131 975 4181 of
982 4140 1113 4192 sumator,

3 4309 4 4318 ἵ
95 4235 179 4284 anien
190 4252 234 4286 our
244 4235 332 4288 author
342 4234 414 4287 codd
423 4234 507 4303 enjoin
519 4253 546 4288 or
556 4234 727 4288 recommend
