2742 4950
207 393 252 453 to
491 382 566 449 Dm
611 380 917 453 Oeneum

205 568 329 625 ornare,
348 567 426 630 que
438 546 548 621 vellet,
572 565 750 628 οιιιιιιιιιε
764 546 1054 628 mammetem.
1066 572 1143 634 ,ιιι
1162 552 1219 628 ad

203 667 381 735 dicendum
389 665 601 749 pertinerent,
622 666 902 765 {anteeanimoac
913 665 1222 751 nemoriacontin·

200 804 276 857 eret.
312 790 366 857 -ln
375 791 402 857 ai
414 789 605 863 estatffieile
618 791 724 871 nabis,
738 793 793 875 qui
808 805 892 875 ante,
908 812 1012 879 quam
1024 793 1067 857 nd
1080 792 1219 859 discen·

198 907 281 973 dum
291 906 433 997 iqgressi
455 929 578 991 sumus,
603 906 773 1005 obruimur
797 907 971 977 ambitione
994 922 1029 976 et
1057 909 1142 1007 faro,
1164 912 1220 977 sit

198 1025 353 1115 tamenin
367 1024 668 1111 requisitumatque
676 1040 819 1093 natura:
842 1049 904 1117 ego
925 1029 1024 1125 enim,
1040 1002 1213 1113 quantum

202 1166 344 1229 augurqr
363 1145 562 1230 conjectura,
588 1158 769 1241 quantaque
796 1145 927 1241 ingenia
952 1146 986 1210 in
1010 1149 1131 1213 nostris
1152 1149 1218 1212 ho-

199 1265 341 1347 minibus}
350 1286 425 1341 esse
435 1266 545 1341 video,
558 1284 623 1325 non
635 1266 773 1347 despero
784 1266 854 1331 fore
867 1267 1010 1365 aliquem
1006 1230 1216 1373 aliquande,

200 1383 256 1479 qui
271 1395 314 1451 et
309 1380 424 1477 studio
439 1379 574 1457 acriore,
593 1400 695 1461 quam
706 1401 764 1440 nos
779 1403 892 1459 sumus
899 1395 1004 1464 atque
1022 1384 1175 1479 fuimus,
1181 1406 1215 1461 et

202 1506 270 1571 otio
285 1528 321 1571 ac
334 1504 487 1571 facultate
502 1502 651 1571 discendi
661 1502 788 1587 ¹majore
801 1524 839 1565 ac
852 1500 1044 1599 maturiore,
1060 1521 1094 1585 et
1103 1508 1214 1605 labore

200 1644 296 1712 atque
312 1628 473 1701 industria
486 1622 665 1712 superiore,
678 1647 752 1688 cum
766 1648 799 1688 se
813 1626 855 1687 ad
868 1625 1097 1739 audiendum,
1104 1606 1220 1712 legen.

157 1772 160 1779 ’
200 1754 281 1825 dum
292 1752 563 1833 scribendumque
575 1749 752 1847 dediderit,
770 1750 889 1813 existat
901 1749 976 1813 tahs
987 1760 1111 1828 orator,
1125 1771 1215 1845 qua-

201 1876 268 1945 lem
281 1874 480 1959 querimus·
472 1920 481 1947 ‚
503 1872 559 1956 qui
567 1872 643 1957 jure
662 1894 727 1934 non
741 1872 846 1935 solum
859 1844 1013 1981 disertus,
1035 1848 1095 1936 sed
1101 1873 1214 1961 etiam

202 1995 357 2085 elequens
372 1988 575 2089 dicipossit3
597 1990 667 2073 qui
666 2003 775 2073 tamen
798 2012 873 2071 mea
878 1990 1053 2073 sententia
1074 1966 1131 2054 aut
1153 1991 1212 2084 iric

1193 2082 1208 2108 Ι

200 2127 250 2177 est
258 2113 330 2197 jam
342 2112 491 2188 Crassus,
505 2118 571 2187 aut,
580 2113 608 2172 si
614 2113 694 2192 quis
705 2135 775 2195 parr
766 2113 1034 2223 ’1ιιιιιιὶιιιιιιιὶο,
1043 2115 1213 2199 pluraque,

126 2236 129 2241 ’
203 2257 302 2318 quam
314 2235 381 2313 hic,
399 2247 431 2298 et
442 2232 583 2295 audierit
603 2246 636 2292 et
649 2234 811 2323 lectitarit
829 2249 862 2297 et
875 2237 1067 2331 scripserit,
1079 2218 1215 2329 panium

201 2356 278 2419 huic
290 2355 415 2438 aliquid
428 2354 546 2439 poterit
559 2352 690 2417 addere.
737 2336 810 2416 Hoc
823 2355 897 2415 loco
913 2332 1083 2438 sulpitius,
1097 2361 1209 2441 Inspe-

203 2479 286 2550 ranti
301 2477 417 2560 mihi,'
410 2478 527 2562 lnquit,
549 2490 581 2542 et
593 2475 711 2562 Cottae,
732 2473 794 2542 sed
815 2475 909 2539 valde
933 2478 1057 2588 optanti
1082 2481 1212 2582 utrique

202 2614 352 2664 nostrum
375 2600 503 2678 cecidit,
530 2612 565 2661 ut
579 2597 612 2662 in
627 2598 726 2710 istum
746 2571 942 2702 sermonem,
957 2567 1102 2700 ijrasse,
1116 2599 1205 2698 dela·

201 2713 383 2794 beremini.
409 2714 502 2772 nobis
517 2713 604 2796 enim
619 2715 682 2775 huc
698 2717 910 2782 venientibus
929 2687 1119 2810 jucundum
1133 2715 1212 2812 satis

203 2836 272 2920 fore
288 2834 470 2910 ridebatur,
492 2831 531 2910 si,
558 2855 633 2895 cum
646 2853 705 2926 ves
718 2803 760 2897 de
774 2838 871 2930 rebus
885 2840 958 2899 aliis
980 2803 1211 2923 loqueremini,

200 2974 311 3024 tamen
327 2978 385 3020 nos
393 2954 564 3051 aliquid
537 2974 579 3016 ex
592 2973 741 3042 sermone
756 2968 867 3017 vestro
891 2960 1052 3036 memoria
1073 2929 1213 3046 dignum

203 3081 352 3186 excipere
363 3099 552 3184 possemne.
577 3089 613 3137 ut
625 3095 703 3138 vero
708 3074 843 3164 penitus
856 3076 974 3172 ineam
988 3077 1093 3162 ipsam
1112 3082 1215 3144 totius

175 3255 180 3262 ,
204 3205 302 3292 hujus
312 3202 366 3268 vel
378 3200 491 3284 studii,
504 3201 556 3284 vel
565 3181 723 3286 artificu,
718 3198 769 3262 vel
779 3197 943 3261 facultatis
956 3198 1213 3284 disputationem

204 3345 293 3409 paene
308 3322 458 3394 intimam
469 3321 635 3404 veniretis,
649 3322 706 3384 vix
719 3320 896 3430 optandum
909 3320 1003 3383 nobis
1013 3321 1209 3386 videbatur:

208 3444 282 3527 Ego
294 3441 395 3526 emim,
422 3461 479 3523 qur
468 3439 561 3501 ab
553 3455 689 3503 rneunte
699 3455 789 3506 aetate
804 3441 953 3526 incensus
978 3463 1086 3505 essem
1100 3442 1209 3505 studio

204 3529 372 3644 utriusque
386 3572 542 3636 vestrum,
557 3560 667 3623 Crassi
680 3581 760 3623 vero
774 3558 873 3622 etiam
887 3581 1010 3638 amore,
1024 3582 1098 3623 cum
1118 3561 1209 3625 abeo

204 3702 365 3765 nusquam
389 3680 606 3758 discederem,
632 3682 768 3754 verbum
795 3703 837 3743 ex
848 3706 888 3746 eo
900 3702 1080 3765 numquam
1091 3679 1210 3745 elicere

205 3805 297 3886 potui
312 3805 352 3868 de
366 3804 421 3867 via
435 3824 471 3864 ac
482 3802 605 3884 ratione
617 3781 761 3882 dicendi,
772 3827 847 3867 cum
860 3819 893 3870 et
905 3827 963 3889 per
973 3817 1096 3870 memet
1107 3803 1213 3888 ipsum

205 3928 361 4016 egissem,
374 3940 475 4011 etper
487 3927 633 3987 Drusum
647 3948 731 4010 saepe
746 3939 942 3990 tentassem:
958 3949 1022 4010 quo
1034 3927 1068 3989 in
1083 3943 1212 4009 genere,

201 4067 254 4142 ιιι,
268 4052 406 4147 Antoni,
434 4053 524 4143 (vere
538 4048 667 4134 loquar)
694 4072 872 4134 numquam
887 4050 968 4118 mihi
988 4049 1226 4135 percunctanti,

206 4147 265 4248 aut
275 4177 432 4266 querenti
445 4174 570 4284 aliquid
583 4172 732 4254 defuisti,
744 4187 777 4236 et
785 4193 924 4258 persepe
935 4192 997 4250 me,
1009 4192 1081 4254 ¹quae
1089 4173 1212 4237 soleres
1284 4250 1286 4265 Ι

1173 4309 1208 4352 ιιι
