2742 4950
187 354 249 409 152
472 336 900 404 Dnonnrons
974 355 1004 386 ·'

185 530 262 596 quae
270 524 366 571 nemo
374 505 491 567 horum
499 502 675 579 desiderat,
690 498 848 578 annus*
858 500 989 567 exlucis
999 520 1051 584 ea,
1063 516 1142 587 quae
1152 504 1207 570 di·

184 630 285 696 cenda
296 627 361 690 sint
373 626 407 687 in
420 625 557 705 caussis,
568 626 770 710 reperiantur
783 627 796 689 i
818 638 901 711 quae,
913 640 1124 711 quamquam
1142 626 1203 691 abs'

184 760 216 809 te
227 764 313 807 novo
326 744 471 827 quodam
482 744 581 807 modo
594 745 805 830 praeclareque
820 747 982 824 dicuntur,
996 761 1072 810 sunt
1082 746 1212 810 tamen

180 883 213 933 et
224 889 260 931 re
274 866 437 948 faciliora,
448 882 480 934 et
487 848 650 955 preceptis
661 883 860 957 pervagata:
884 866 940 935 illa
952 871 1111 955 deprome
1140 888 1211 932 no-

180 988 244 1067 bis,
256 992 341 1055 unde
354 990 477 1069 afferas,
490 1012 563 1075 quae
577 960 757 1075 sepissime
764 994 897 1070 tractas,
924 1010 1118 1076 semperque
1153 991 1214 1054 di-

183 1092 325 1176 vinitus.¹
380 1115 581 1201 Depromam
606 1116 773 1201 equidem,
797 1116 904 1198 inquit
935 1114 1125 1190 Antonins3
1154 1129 1208 1195 et,

187 1258 253 1320 quo
265 1236 393 1301 facilius
407 1238 477 1303 id'a
489 1255 521 1302 te
536 1241 680 1324 exigam,
696 1238 786 1321 quod
811 1250 887 1321 peto
907 1217 989 1299 nillil
1012 1237 1072 1300 tini
1094 1258 1117 1301 a
1144 1250 1209 1303 me

184 1363 360 1444 postulanti
371 1365 538 1428 recusabo.
586 1361 785 1426 Meaetotius
794 1361 968 1441 orationis,
979 1374 1013 1427 et
1034 1360 1136 1424 istius
1164 1361 1216 1445 ip·
1283 1360 1286 1365 ’

186 1485 253 1545 sius
268 1487 452 1550 indicendo
465 1485 640 1564 facultatis,
655 1502 753 1568 quam
768 1486 868 1547 modo
878 1485 1018 1549 Crassus
1032 1487 1068 1548 in
1084 1486 1213 1549 coelum

181 1603 290 1664 verbis
305 1605 435 1682 extulit,
447 1618 512 1667 tres
525 1617 599 1665 sunt
612 1603 767 1682 rationes,
781 1619 817 1666 ut
826 1620 900 1667 ante
916 1605 985 1668 dixi
1001 1633 1009 1679 ;
1034 1624 1101 1667 una
1127 1627 1217 1668 con·
1264 1618 1265 1627 ¹

183 1720 398 1788 ciliandorum
406 1726 588 1805 hominum,
600 1725 701 1790 altera
714 1728 952 1804 docendorum,
960 1726 1060 1789 tertia
1084 1725 1210 1789 conci-

185 1849 370 1912 tandorum.
420 1849 549 1911 Harum
560 1847 809 1933 triumpartium
821 1850 928 1934 prima
939 1849 1110 1915 lenitatem
1126 1856 1210 1912 o'ra-
1250 1844 1253 1851 ¹

184 1970 296 2047 tionis,
310 1972 455 2036 secunda
465 1993 613 2049 acumen,
626 1972 724 2036 tertia
734 1974 802 2037 vim
827 1973 1011 2038 desiderat:
1036 1993 1114 2035 nam
1141 1970 1216 2033 hoc

183 2096 316 2145 necesse
330 2101 391 2161 est,
406 2101 441 2148 ut
455 2088 495 2162 is,
509 2090 667 2168 quinobis
696 2114 845 2155 caussam
871 2090 1117 2178 adjudicaturus
1147 2090 1209 2169 sit,

183 2214 239 2264 ant
250 2199 459 2263 inclinatione
472 2206 649 2287 voluntatis
661 2213 863 2292 propendeat
876 2219 911 2273 in
921 2234 994 2288 nos,
1008 2226 1064 2275 aut
1088 2211 1209 2277 defen·

184 2326 285 2390 sionis
306 2327 504 2412 argumentis
518 2326 710 2407 adducatur,
732 2345 788 2393 aut
801 2334 902 2394 animi
913 2338 1120 2417 permotione
1149 2357 1209 2402 co·

187 2460 293 2535 gutur.
321 2452 398 2530 Sed,
411 2449 565 2533 quoniam
578 2442 633 2512 illa
643 2448 771 2534 pars,in
783 2472 847 2535 qua
858 2472 969 2517 rerum
981 2455 1131 2540 ipsarum
1150 2440 1213 2522 eir-
1244 2535 1249 2547 .

187 2578 320 2663 plicatio
333 2598 370 2638 ac
382 2574 532 2637 defensio
545 2577 651 2658 posita
664 2574 862 2651 est,videtur
875 2598 1008 2641 omnem
1017 2578 1116 2665 hujus
1142 2604 1210 2672 ge.

186 2701 273 2763 neris
288 2700 378 2781 quasi
393 2698 576 2759 doctrinam
590 2697 769 2776 continere,
781 2700 821 2762 de
848 2723 888 2764 ea
909 2702 1054 2785 primurn
1083 2704 1211 2788 loque·

187 2844 273 2900 mur,
300 2836 332 2884 et
355 2842 459 2903 pauca
485 2820 655 2883 dicemus:
692 2842 795 2904 pauca
823 2823 911 2886 enim
938 2838 1025 2904 sunt,
1046 2846 1119 2908 quae
1145 2846 1210 2890 usu
1266 2865 1269 2873 ·
1362 2843 1363 2852 ¹

182 2942 254 3030 jam
263 2930 411 3021 tractata,
423 2954 456 3003 et
469 2941 579 3004 animo
592 2942 684 3025 quasi
696 2956 806 3008 notata
818 2939 940 3008 habere
953 2946 1142 3018 videamur.

234 3197 246 3273 l
262 3197 369 3260 XXX.
416 3195 468 3257 Ac
481 3195 541 3257 tibi
556 3194 716 3277 sapienter
730 3191 888 3282 monenti,
900 3191 940 3253 L.
956 3192 1084 3284 Crasse,
1096 3191 1205 3254 liben-

186 3335 236 3381 ter
258 3316 484 3389 assentiemur,
506 3328 543 3375 ut
562 3315 763 3399 singularum
777 3336 963 3379 caussarum
984 3314 1203 3396 defensiones,

188 3458 270 3522 quas
304 3434 407 3496 solent
433 3432 582 3517 magistri
603 3434 712 3516 pueris
738 3435 880 3512 tradere,
906 3431 1149 3528 relinquamus3
1174 3452 1206 3493 a·

191 3559 526 3642 periamusautemea
551 3558 668 3641 capita,
694 3555 780 3620 unde
808 3553 914 3637 omnis
942 3556 982 3615 ad
1007 3575 1138 3615 ornnem
1166 3567 1200 3616 et

193 3707 342 3746 caussam
359 3698 391 3747 et
402 3680 583 3762 orationem
598 3680 775 3764 disputatio
797 3680 949 3743 ducitur:
973 3700 1078 3762 neque
1100 3680 1204 3768 enim,
1242 3737 1243 3741 ,

188 3804 317 3890 quoties
328 3804 464 3866 verbum
477 3802 609 3885 aliquod
629 3817 678 3864 est
692 3783 900 3888 scribendum
914 3799 1019 3878 vobis,
1040 3799 1141 3863 toties
1166 3820 1199 3892 e·

184 3927 240 4014 jus
254 3924 455 3987 rerbiliterae
467 3938 542 3986 sunt
555 3924 751 4012 cogitatione
764 3923 994 4008 conquirendae
1011 3947 1020 3996 ς
1043 3942 1103 3983 nec
1118 3938 1199 4012 quo·

1135 4054 1196 4104 tres

219 4310 232 4330 ⁶
245 4304 333 4372 Qui-lus
344 4315 375 4355 e‘x
383 4303 446 4355 locis.
463 4313 468 4322 ’
479 4302 538 4350 The
548 4303 618 4350 sense
626 4302 656 4360 ic,
667 4301 752 4366 quilius
761 4301 785 4350 a‘n
796 4297 863 4350 ldcis.
956 4301 962 4310 ⁴
1041 4295 1045 4302 ’
