<?xml version="1.0" encoding="UTF-8"?>
<!DOCTYPE html PUBLIC "-//W3C//DTD XHTML 1.0 Transitional//EN"
    "http://www.w3.org/TR/xhtml1/DTD/xhtml1-transitional.dtd">
<html xmlns="http://www.w3.org/1999/xhtml" xml:lang="en" lang="en">
 <head>
  <title>
</title>
<meta http-equiv="Content-Type" content="text/html;charset=utf-8" />
  <meta name='ocr-system' content='tesseract 3.04.00' />
  <meta name='ocr-capabilities' content='ocr_page ocr_carea ocr_par ocr_line ocrx_word'/>
</head>
<body>
  <div class='ocr_page' id='page_1' title='image "./mtulliiciceroni00smitgoog_0078.png"; bbox 0 0 2742 4950; ppageno 0'>
   <div class='ocr_carea' id='block_1_1' title="bbox 165 327 880 409">
    <p class='ocr_par' dir='ltr' id='par_1_1' title="bbox 165 327 880 409">
     <span class='ocr_line' id='line_1_1' title="bbox 165 327 880 409; baseline -0.007 -9"><span class='ocrx_word' id='word_1_1' title='bbox 165 342 211 401; x_wconf 73' lang='lat'>74</span> <span class='ocrx_word' id='word_1_2' title='bbox 325 362 328 369; x_wconf 94' lang='lat'>·</span> <span class='ocrx_word' id='word_1_3' title='bbox 450 331 528 405; x_wconf 73' lang='lat' dir='ltr'>Dr</span> <span class='ocrx_word' id='word_1_4' title='bbox 572 327 880 409; x_wconf 67' lang='lat' dir='ltr'>onerosa</span> 
     </span>
    </p>
   </div>
   <div class='ocr_carea' id='block_1_2' title="bbox 86 493 1291 1924">
    <p class='ocr_par' dir='ltr' id='par_1_2' title="bbox 162 493 1291 1192">
     <span class='ocr_line' id='line_1_2' title="bbox 164 493 1178 595; baseline 0.001 -36"><span class='ocrx_word' id='word_1_5' title='bbox 164 495 360 595; x_wconf 70' lang='lat' dir='ltr'>gubernarit.</span> <span class='ocrx_word' id='word_1_6' title='bbox 409 493 526 575; x_wconf 69' lang='lat' dir='ltr'>Quid?</span> <span class='ocrx_word' id='word_1_7' title='bbox 558 495 651 558; x_wconf 84' lang='lat' dir='ltr'>sine</span> <span class='ocrx_word' id='word_1_8' title='bbox 675 514 786 580; x_wconf 80' lang='lat' dir='ltr'>parvae</span> <span class='ocrx_word' id='word_1_9' title='bbox 800 493 936 578; x_wconf 89' lang='lat' dir='ltr'>quidem</span> <span class='ocrx_word' id='word_1_10' title='bbox 950 510 1178 579; x_wconf 64' lang='lat' dir='ltr'>caussae&#39;snn,</span> 
     </span>
     <span class='ocr_line' id='line_1_3' title="bbox 174 617 1291 706; baseline -0.001 -19"><span class='ocrx_word' id='word_1_11' title='bbox 174 624 232 687; x_wconf 89' lang='lat' dir='ltr'>sed</span> <span class='ocrx_word' id='word_1_12' title='bbox 243 641 328 705; x_wconf 83' lang='lat' dir='ltr'>saepe</span> <span class='ocrx_word' id='word_1_13' title='bbox 340 617 546 698; x_wconf 72' lang='lat' dir='ltr'>maxima,in</span> <span class='ocrx_word' id='word_1_14' title='bbox 559 617 677 703; x_wconf 88' lang='lat' dir='ltr'>quibus</span> <span class='ocrx_word' id='word_1_15' title='bbox 690 632 831 685; x_wconf 85' lang='lat' dir='ltr'>certatur</span> <span class='ocrx_word' id='word_1_16' title='bbox 843 619 885 682; x_wconf 90' lang='lat' dir='ltr'>de</span> <span class='ocrx_word' id='word_1_17' title='bbox 893 618 969 706; x_wconf 89' lang='lat' dir='ltr'>jure</span> <span class='ocrx_word' id='word_1_18' title='bbox 983 618 1184 703; x_wconf 87' lang='lat' dir='ltr'>civili,quod</span> <span class='ocrx_word' id='word_1_19' title='bbox 1282 682 1291 695; x_wconf 80' lang='grc'><strong><em>,</em></strong></span> 
     </span>
     <span class='ocr_line' id='line_1_4' title="bbox 163 737 1181 823; baseline -0.002 -17"><span class='ocrx_word' id='word_1_20' title='bbox 163 744 296 806; x_wconf 86' lang='lat' dir='ltr'>tandem</span> <span class='ocrx_word' id='word_1_21' title='bbox 306 762 343 803; x_wconf 90' lang='lat' dir='ltr'>os</span> <span class='ocrx_word' id='word_1_22' title='bbox 358 753 409 803; x_wconf 87' lang='lat' dir='ltr'>est</span> <span class='ocrx_word' id='word_1_23' title='bbox 420 738 508 801; x_wconf 89' lang='lat' dir='ltr'>illius</span> <span class='ocrx_word' id='word_1_24' title='bbox 518 739 659 823; x_wconf 84' lang='lat' dir='ltr'>patroni,</span> <span class='ocrx_word' id='word_1_25' title='bbox 682 738 738 822; x_wconf 89' lang='lat' dir='ltr'>qni</span> <span class='ocrx_word' id='word_1_26' title='bbox 757 739 866 804; x_wconf 84' lang='lat' dir='ltr'>adeas</span> <span class='ocrx_word' id='word_1_27' title='bbox 879 759 1009 804; x_wconf 81' lang='lat' dir='ltr'>caussas</span> <span class='ocrx_word' id='word_1_28' title='bbox 1022 737 1092 804; x_wconf 85' lang='lat' dir='ltr'>¹sine</span> <span class='ocrx_word' id='word_1_29' title='bbox 1107 740 1181 804; x_wconf 85' lang='lat' dir='ltr'>ulla</span> 
     </span>
     <span class='ocr_line' id='line_1_5' title="bbox 162 840 1174 945; baseline -0.004 -19"><span class='ocrx_word' id='word_1_30' title='bbox 162 858 301 926; x_wconf 80' lang='lat' dir='ltr'>scientia</span> <span class='ocrx_word' id='word_1_31' title='bbox 320 859 409 945; x_wconf 85' lang='lat' dir='ltr'>juris</span> <span class='ocrx_word' id='word_1_32' title='bbox 432 859 531 937; x_wconf 87' lang='lat' dir='ltr'>audet</span> <span class='ocrx_word' id='word_1_33' title='bbox 551 858 731 925; x_wconf 80' lang='lat' dir='ltr'>accedere?</span> <span class='ocrx_word' id='word_1_34' title='bbox 764 859 844 935; x_wconf 77' lang='lat' dir='ltr'>Quae</span> <span class='ocrx_word' id='word_1_35' title='bbox 864 840 974 945; x_wconf 72' lang='lat' dir='ltr'>potuit</span> <span class='ocrx_word' id='word_1_36' title='bbox 985 857 1087 943; x_wconf 80' lang='lat' dir='ltr'>igitur</span> <span class='ocrx_word' id='word_1_37' title='bbox 1100 879 1174 922; x_wconf 88' lang='lat' dir='ltr'>esse</span> 
     </span>
     <span class='ocr_line' id='line_1_6' title="bbox 163 970 1180 1074; baseline -0.004 -21"><span class='ocrx_word' id='word_1_38' title='bbox 163 970 279 1059; x_wconf 68' lang='lat' dir='ltr'>caussa</span> <span class='ocrx_word' id='word_1_39' title='bbox 300 986 418 1073; x_wconf 87' lang='lat' dir='ltr'>major,</span> <span class='ocrx_word' id='word_1_40' title='bbox 439 1009 537 1072; x_wconf 85' lang='lat' dir='ltr'>quam</span> <span class='ocrx_word' id='word_1_41' title='bbox 550 988 637 1053; x_wconf 89' lang='lat' dir='ltr'>illius</span> <span class='ocrx_word' id='word_1_42' title='bbox 651 987 767 1051; x_wconf 87' lang='lat' dir='ltr'>militis</span> <span class='ocrx_word' id='word_1_43' title='bbox 782 976 857 1063; x_wconf 55' lang='lat' dir='ltr'>;&#39;‚de</span> <span class='ocrx_word' id='word_1_44' title='bbox 871 988 966 1074; x_wconf 87' lang='lat' dir='ltr'>cujus</span> <span class='ocrx_word' id='word_1_45' title='bbox 979 998 1083 1052; x_wconf 85' lang='lat' dir='ltr'>morte</span> <span class='ocrx_word' id='word_1_46' title='bbox 1098 1005 1180 1049; x_wconf 83' lang='lat' dir='ltr'>cum</span> 
     </span>
     <span class='ocr_line' id='line_1_7' title="bbox 164 1105 1181 1192; baseline -0.008 -16"><span class='ocrx_word' id='word_1_47' title='bbox 164 1110 303 1176; x_wconf 89' lang='lat' dir='ltr'>domum</span> <span class='ocrx_word' id='word_1_48' title='bbox 315 1108 416 1175; x_wconf 83' lang='lat' dir='ltr'>falsus</span> <span class='ocrx_word' id='word_1_49' title='bbox 428 1109 467 1179; x_wconf 83' lang='lat' dir='ltr'>ab</span> <span class='ocrx_word' id='word_1_50' title='bbox 480 1110 626 1179; x_wconf 80' lang='lat' dir='ltr'>exercitu</span> <span class='ocrx_word' id='word_1_51' title='bbox 637 1110 770 1173; x_wconf 87' lang='lat' dir='ltr'>nuntius</span> <span class='ocrx_word' id='word_1_52' title='bbox 782 1109 936 1188; x_wconf 86' lang='lat' dir='ltr'>venisset,</span> <span class='ocrx_word' id='word_1_53' title='bbox 949 1121 984 1173; x_wconf 87' lang='lat' dir='ltr'>et</span> <span class='ocrx_word' id='word_1_54' title='bbox 994 1119 1084 1192; x_wconf 83' lang='lat' dir='ltr'>pater</span> <span class='ocrx_word' id='word_1_55' title='bbox 1092 1105 1181 1192; x_wconf 87' lang='lat' dir='ltr'>ejus,</span> 
     </span>
    </p>

    <p class='ocr_par' dir='ltr' id='par_1_3' title="bbox 86 1228 1271 1924">
     <span class='ocr_line' id='line_1_8' title="bbox 163 1228 1271 1317; baseline -0.001 -21"><span class='ocrx_word' id='word_1_56' title='bbox 163 1231 350 1309; x_wconf 82' lang='lat' dir='ltr'>recredita,</span> <span class='ocrx_word' id='word_1_57' title='bbox 372 1243 605 1299; x_wconf 86' lang='lat' dir='ltr'>testamentum</span> <span class='ocrx_word' id='word_1_58' title='bbox 626 1228 798 1314; x_wconf 83' lang='lat' dir='ltr'>mutasset,</span> <span class='ocrx_word' id='word_1_59' title='bbox 820 1246 865 1313; x_wconf 90' lang='lat' dir='ltr'>et,</span> <span class='ocrx_word' id='word_1_60' title='bbox 892 1253 990 1317; x_wconf 89' lang='lat' dir='ltr'>quem</span> <span class='ocrx_word' id='word_1_61' title='bbox 1012 1231 1044 1293; x_wconf 88' lang='lat' dir='ltr'>ei</span> <span class='ocrx_word' id='word_1_62' title='bbox 1063 1231 1179 1295; x_wconf 82' lang='lat' dir='ltr'>visum</span> <span class='ocrx_word' id='word_1_63' title='bbox 1268 1288 1271 1295; x_wconf 94' lang='lat'>.</span> 
     </span>
     <span class='ocr_line' id='line_1_9' title="bbox 86 1322 1240 1438; baseline -0.003 -22"><span class='ocrx_word' id='word_1_64' title='bbox 86 1322 95 1337; x_wconf 46' lang='grc'><em>“</em></span> <span class='ocrx_word' id='word_1_65' title='bbox 164 1365 263 1433; x_wconf 80' lang='lat' dir='ltr'>esset,</span> <span class='ocrx_word' id='word_1_66' title='bbox 276 1350 410 1427; x_wconf 84' lang='lat' dir='ltr'>fecisset</span> <span class='ocrx_word' id='word_1_67' title='bbox 418 1353 586 1433; x_wconf 85' lang='lat' dir='ltr'>heredem,</span> <span class='ocrx_word' id='word_1_68' title='bbox 596 1367 746 1438; x_wconf 81' lang='lat' dir='ltr'>essetque</span> <span class='ocrx_word' id='word_1_69' title='bbox 765 1354 836 1438; x_wconf 87' lang='lat' dir='ltr'>ipse</span> <span class='ocrx_word' id='word_1_70' title='bbox 851 1368 1015 1433; x_wconf 87' lang='lat' dir='ltr'>mortuus,</span> <span class='ocrx_word' id='word_1_71' title='bbox 1026 1350 1183 1416; x_wconf 81' lang='lat' dir='ltr'>res&#39;dela·</span> <span class='ocrx_word' id='word_1_72' title='bbox 1238 1432 1240 1437; x_wconf 17' lang='grc' dir='ltr'>ι</span> 
     </span>
     <span class='ocr_line' id='line_1_10' title="bbox 167 1472 1187 1563; baseline 0.003 -30"><span class='ocrx_word' id='word_1_73' title='bbox 167 1483 203 1563; x_wconf 81' lang='lat' dir='ltr'>tn</span> <span class='ocrx_word' id='word_1_74' title='bbox 224 1485 274 1533; x_wconf 88' lang='lat' dir='ltr'>est</span> <span class='ocrx_word' id='word_1_75' title='bbox 296 1474 338 1535; x_wconf 93' lang='lat' dir='ltr'>ad</span> <span class='ocrx_word' id='word_1_76' title='bbox 351 1475 585 1554; x_wconf 86' lang='lat' dir='ltr'>centumviros,</span> <span class='ocrx_word' id='word_1_77' title='bbox 608 1496 684 1538; x_wconf 88' lang='lat' dir='ltr'>cum</span> <span class='ocrx_word' id='word_1_78' title='bbox 706 1472 802 1554; x_wconf 87' lang='lat' dir='ltr'>miles</span> <span class='ocrx_word' id='word_1_79' title='bbox 823 1473 960 1536; x_wconf 91' lang='lat' dir='ltr'>domum</span> <span class='ocrx_word' id='word_1_80' title='bbox 986 1473 1187 1560; x_wconf 68' lang='lat' dir='ltr'>revenisset,</span> 
     </span>
     <span class='ocr_line' id='line_1_11' title="bbox 137 1563 1189 1681; baseline 0 -27"><span class='ocrx_word' id='word_1_81' title='bbox 137 1563 144 1575; x_wconf 41' lang='lat'><em>⁶</em></span> <span class='ocrx_word' id='word_1_82' title='bbox 166 1592 350 1677; x_wconf 81' lang='lat' dir='ltr'>egissetque</span> <span class='ocrx_word' id='word_1_83' title='bbox 374 1593 449 1681; x_wconf 72' lang='lat' dir='ltr'>lege</span> <span class='ocrx_word' id='word_1_84' title='bbox 476 1595 511 1658; x_wconf 92' lang='lat' dir='ltr'>in</span> <span class='ocrx_word' id='word_1_85' title='bbox 531 1595 750 1660; x_wconf 82' lang='lat' dir='ltr'>hereditatem</span> <span class='ocrx_word' id='word_1_86' title='bbox 777 1607 948 1677; x_wconf 88' lang='lat' dir='ltr'>paternam</span> <span class='ocrx_word' id='word_1_87' title='bbox 974 1597 1189 1680; x_wconf 84' lang='lat' dir='ltr'>[testamento</span> 
     </span>
     <span class='ocr_line' id='line_1_12' title="bbox 170 1694 1182 1800; baseline -0.005 -19"><span class='ocrx_word' id='word_1_88' title='bbox 170 1694 401 1781; x_wconf 71' lang='lat' dir='ltr'>exhereslrlius</span> <span class='ocrx_word' id='word_1_89' title='bbox 415 1715 446 1799; x_wconf 78' lang='lat' dir='ltr'>i]</span> <span class='ocrx_word' id='word_1_90' title='bbox 456 1714 586 1800; x_wconf 86' lang='lat' dir='ltr'>Nempe</span> <span class='ocrx_word' id='word_1_91' title='bbox 602 1715 643 1776; x_wconf 80' lang='lat' dir='ltr'>&#39;in</span> <span class='ocrx_word' id='word_1_92' title='bbox 665 1695 705 1779; x_wconf 82' lang='lat' dir='ltr'>ea</span> <span class='ocrx_word' id='word_1_93' title='bbox 725 1734 839 1778; x_wconf 83' lang='lat' dir='ltr'>caussa</span> <span class='ocrx_word' id='word_1_94' title='bbox 864 1712 1039 1797; x_wconf 70' lang='lat' dir='ltr'>quesitum</span> <span class='ocrx_word' id='word_1_95' title='bbox 1062 1725 1112 1777; x_wconf 88' lang='lat' dir='ltr'>est</span> <span class='ocrx_word' id='word_1_96' title='bbox 1137 1713 1182 1777; x_wconf 82' lang='lat' dir='ltr'>de</span> 
     </span>
     <span class='ocr_line' id='line_1_13' title="bbox 164 1835 1185 1924; baseline -0.004 -24"><span class='ocrx_word' id='word_1_97' title='bbox 164 1837 241 1924; x_wconf 90' lang='lat' dir='ltr'>jure</span> <span class='ocrx_word' id='word_1_98' title='bbox 253 1836 354 1918; x_wconf 86' lang='lat' dir='ltr'>civili,</span> <span class='ocrx_word' id='word_1_99' title='bbox 365 1854 516 1924; x_wconf 88' lang='lat' dir='ltr'>possetne</span> <span class='ocrx_word' id='word_1_100' title='bbox 529 1852 740 1924; x_wconf 87' lang='lat' dir='ltr'>paternorum</span> <span class='ocrx_word' id='word_1_101' title='bbox 761 1837 925 1900; x_wconf 87' lang='lat' dir='ltr'>bonorum</span> <span class='ocrx_word' id='word_1_102' title='bbox 947 1835 1086 1899; x_wconf 84' lang='lat' dir='ltr'>exheres</span> <span class='ocrx_word' id='word_1_103' title='bbox 1108 1854 1185 1907; x_wconf 84' lang='lat' dir='ltr'>esse</span> 
     </span>
    </p>
   </div>
   <div class='ocr_carea' id='block_1_3' title="bbox 166 1960 1273 2156">
    <p class='ocr_par' dir='ltr' id='par_1_4' title="bbox 166 1960 1273 2156">
     <span class='ocr_line' id='line_1_14' title="bbox 169 1960 1273 2044; baseline -0.01 -18"><span class='ocrx_word' id='word_1_104' title='bbox 169 1960 265 2038; x_wconf 90' lang='lat' dir='ltr'>filius,</span> <span class='ocrx_word' id='word_1_105' title='bbox 273 1974 472 2044; x_wconf 85' lang='lat' dir='ltr'>quempater</span> <span class='ocrx_word' id='word_1_106' title='bbox 483 1974 682 2026; x_wconf 79' lang='lat' dir='ltr'>testamento</span> <span class='ocrx_word' id='word_1_107' title='bbox 694 1981 799 2044; x_wconf 87' lang='lat' dir='ltr'>neque</span> <span class='ocrx_word' id='word_1_108' title='bbox 811 1961 977 2040; x_wconf 82' lang='lat' dir='ltr'>heredem,</span> <span class='ocrx_word' id='word_1_109' title='bbox 994 1978 1100 2043; x_wconf 85' lang='lat' dir='ltr'>neque</span> <span class='ocrx_word' id='word_1_110' title='bbox 1124 1977 1182 2021; x_wconf 80' lang='lat' dir='ltr'>ex·</span> <span class='ocrx_word' id='word_1_111' title='bbox 1271 1998 1273 2001; x_wconf 28' lang='grc' dir='ltr'>ψ</span> 
     </span>
     <span class='ocr_line' id='line_1_15' title="bbox 166 2070 842 2156; baseline 0.006 -24"><span class='ocrx_word' id='word_1_112' title='bbox 166 2070 324 2135; x_wconf 87' lang='lat' dir='ltr'>heredem</span> <span class='ocrx_word' id='word_1_113' title='bbox 337 2073 523 2156; x_wconf 89' lang='lat' dir='ltr'>scripsisset</span> <span class='ocrx_word' id='word_1_114' title='bbox 534 2076 753 2145; x_wconf 69' lang='lat' dir='ltr'>nominatim&gt;</span> <span class='ocrx_word' id='word_1_115' title='bbox 839 2078 842 2081; x_wconf 72' lang='grc'><em>’</em></span> 
     </span>
    </p>
   </div>
   <div class='ocr_carea' id='block_1_4' title="bbox 92 2304 1191 2518">
    <p class='ocr_par' dir='ltr' id='par_1_5' title="bbox 92 2304 1191 2518">
     <span class='ocr_line' id='line_1_16' title="bbox 214 2304 1191 2390; baseline 0.003 -19"><span class='ocrx_word' id='word_1_116' title='bbox 214 2307 228 2384; x_wconf 69' lang='lat' dir='ltr'>l</span> <span class='ocrx_word' id='word_1_117' title='bbox 253 2304 413 2371; x_wconf 86' lang='lat' dir='ltr'>xxx1x.</span> <span class='ocrx_word' id='word_1_118' title='bbox 460 2306 570 2386; x_wconf 78' lang='lat' dir='ltr'>Quid,</span> <span class='ocrx_word' id='word_1_119' title='bbox 582 2309 694 2390; x_wconf 88' lang='lat' dir='ltr'>quade</span> <span class='ocrx_word' id='word_1_120' title='bbox 708 2330 741 2373; x_wconf 88' lang='lat' dir='ltr'>re</span> <span class='ocrx_word' id='word_1_121' title='bbox 751 2309 838 2372; x_wconf 89' lang='lat' dir='ltr'>inter</span> <span class='ocrx_word' id='word_1_122' title='bbox 852 2309 1033 2375; x_wconf 82' lang='lat' dir='ltr'>Marcellos</span> <span class='ocrx_word' id='word_1_123' title='bbox 1046 2326 1079 2374; x_wconf 91' lang='lat' dir='ltr'>et</span> <span class='ocrx_word' id='word_1_124' title='bbox 1088 2311 1191 2377; x_wconf 92' lang='lat' dir='ltr'>Clau·</span> 
     </span>
     <span class='ocr_line' id='line_1_17' title="bbox 92 2428 1184 2518; baseline 0.001 -26"><span class='ocrx_word' id='word_1_125' title='bbox 92 2507 97 2518; x_wconf 32' lang='lat'><strong><em>¹</em></strong></span> <span class='ocrx_word' id='word_1_126' title='bbox 173 2429 245 2493; x_wconf 90' lang='lat' dir='ltr'>dios</span> <span class='ocrx_word' id='word_1_127' title='bbox 256 2428 413 2514; x_wconf 85' lang='lat' dir='ltr'>patricios</span> <span class='ocrx_word' id='word_1_128' title='bbox 428 2429 623 2494; x_wconf 83' lang='lat' dir='ltr'>centumviri</span> <span class='ocrx_word' id='word_1_129' title='bbox 631 2429 848 2517; x_wconf 78' lang='lat' dir='ltr'>judicarunt?</span> <span class='ocrx_word' id='word_1_130' title='bbox 873 2451 950 2496; x_wconf 89' lang='lat' dir='ltr'>cum</span> <span class='ocrx_word' id='word_1_131' title='bbox 962 2428 1116 2497; x_wconf 87' lang='lat' dir='ltr'>Marcelli</span> <span class='ocrx_word' id='word_1_132' title='bbox 1141 2430 1184 2493; x_wconf 83' lang='lat' dir='ltr'>ab</span> 
     </span>
    </p>
   </div>
   <div class='ocr_carea' id='block_1_5' title="bbox 169 2531 1187 2647">
    <p class='ocr_par' dir='ltr' id='par_1_6' title="bbox 169 2531 1187 2647">
     <span class='ocr_line' id='line_1_18' title="bbox 169 2531 1187 2647; baseline 0.007 -38"><span class='ocrx_word' id='word_1_133' title='bbox 169 2545 279 2614; x_wconf 84' lang='lat' dir='ltr'>liberti</span> <span class='ocrx_word' id='word_1_134' title='bbox 291 2554 359 2615; x_wconf 86' lang='lat' dir='ltr'>lilio</span> <span class='ocrx_word' id='word_1_135' title='bbox 372 2554 486 2636; x_wconf 82' lang='lat' dir='ltr'>stirpe,</span> <span class='ocrx_word' id='word_1_136' title='bbox 498 2553 629 2619; x_wconf 88' lang='lat' dir='ltr'>Claudii</span> <span class='ocrx_word' id='word_1_137' title='bbox 642 2555 770 2640; x_wconf 82' lang='lat' dir='ltr'>patricii</span> <span class='ocrx_word' id='word_1_138' title='bbox 779 2531 929 2647; x_wconf 64' lang='lat' dir='ltr'>ejusdcm</span> <span class='ocrx_word' id='word_1_139' title='bbox 937 2551 1085 2616; x_wconf 81' lang='lat' dir='ltr'>nominis</span> <span class='ocrx_word' id='word_1_140' title='bbox 1092 2550 1187 2616; x_wconf 84' lang='lat' dir='ltr'>here·</span> 
     </span>
    </p>
   </div>
   <div class='ocr_carea' id='block_1_6' title="bbox 170 2673 1193 3864">
    <p class='ocr_par' dir='ltr' id='par_1_7' title="bbox 170 2673 1193 3864">
     <span class='ocr_line' id='line_1_19' title="bbox 172 2673 1189 2762; baseline 0.003 -27"><span class='ocrx_word' id='word_1_141' title='bbox 172 2673 309 2735; x_wconf 84' lang='lat' dir='ltr'>ditatem</span> <span class='ocrx_word' id='word_1_142' title='bbox 324 2688 419 2759; x_wconf 80' lang='lat' dir='ltr'>gente</span> <span class='ocrx_word' id='word_1_143' title='bbox 434 2677 523 2739; x_wconf 87' lang='lat' dir='ltr'>adse</span> <span class='ocrx_word' id='word_1_144' title='bbox 538 2677 676 2741; x_wconf 87' lang='lat' dir='ltr'>rediisse</span> <span class='ocrx_word' id='word_1_145' title='bbox 691 2682 849 2762; x_wconf 85' lang='lat' dir='ltr'>dicerent,</span> <span class='ocrx_word' id='word_1_146' title='bbox 864 2700 971 2743; x_wconf 88' lang='lat' dir='ltr'>nonne</span> <span class='ocrx_word' id='word_1_147' title='bbox 983 2677 1018 2740; x_wconf 93' lang='lat' dir='ltr'>in</span> <span class='ocrx_word' id='word_1_148' title='bbox 1030 2698 1070 2741; x_wconf 88' lang='lat' dir='ltr'>ea</span> <span class='ocrx_word' id='word_1_149' title='bbox 1094 2694 1189 2738; x_wconf 78' lang='lat' dir='ltr'>caus-</span> 
     </span>
     <span class='ocr_line' id='line_1_20' title="bbox 170 2788 1189 2886; baseline 0.007 -32"><span class='ocrx_word' id='word_1_150' title='bbox 170 2812 208 2854; x_wconf 86' lang='lat' dir='ltr'>sa</span> <span class='ocrx_word' id='word_1_151' title='bbox 238 2791 302 2855; x_wconf 88' lang='lat' dir='ltr'>fuit</span> <span class='ocrx_word' id='word_1_152' title='bbox 314 2788 498 2860; x_wconf 85' lang='lat' dir='ltr'>oratoribus</span> <span class='ocrx_word' id='word_1_153' title='bbox 510 2798 550 2863; x_wconf 89' lang='lat' dir='ltr'>de</span> <span class='ocrx_word' id='word_1_154' title='bbox 564 2811 635 2860; x_wconf 93' lang='lat' dir='ltr'>toto</span> <span class='ocrx_word' id='word_1_155' title='bbox 647 2800 758 2883; x_wconf 87' lang='lat' dir='ltr'>stirpis</span> <span class='ocrx_word' id='word_1_156' title='bbox 772 2822 810 2865; x_wconf 89' lang='lat' dir='ltr'>ac</span> <span class='ocrx_word' id='word_1_157' title='bbox 824 2802 1018 2884; x_wconf 86' lang='lat' dir='ltr'>gentilitatis</span> <span class='ocrx_word' id='word_1_158' title='bbox 1036 2800 1113 2886; x_wconf 84' lang='lat' dir='ltr'>jure</span> <span class='ocrx_word' id='word_1_159' title='bbox 1137 2798 1189 2863; x_wconf 87' lang='lat' dir='ltr'>di·</span> 
     </span>
     <span class='ocr_line' id='line_1_21' title="bbox 172 2906 1193 3003; baseline 0.007 -28"><span class='ocrx_word' id='word_1_160' title='bbox 172 2914 337 2977; x_wconf 85' lang='lat' dir='ltr'>cendum?</span> <span class='ocrx_word' id='word_1_161' title='bbox 363 2917 455 2993; x_wconf 78' lang='lat' dir='ltr'>Quid</span> <span class='ocrx_word' id='word_1_162' title='bbox 469 2906 646 3003; x_wconf 87' lang='lat' dir='ltr'>quoditem</span> <span class='ocrx_word' id='word_1_163' title='bbox 662 2922 697 2983; x_wconf 91' lang='lat' dir='ltr'>in</span> <span class='ocrx_word' id='word_1_164' title='bbox 711 2919 942 2986; x_wconf 85' lang='lat' dir='ltr'>centumvirali</span> <span class='ocrx_word' id='word_1_165' title='bbox 962 2919 1094 3003; x_wconf 88' lang='lat' dir='ltr'>judicio</span> <span class='ocrx_word' id='word_1_166' title='bbox 1121 2939 1193 2994; x_wconf 75' lang='lat' dir='ltr'>cer-</span> 
     </span>
     <span class='ocr_line' id='line_1_22' title="bbox 171 3021 1189 3125; baseline 0.006 -30"><span class='ocrx_word' id='word_1_167' title='bbox 171 3045 276 3099; x_wconf 76' lang='lat' dir='ltr'>tatum</span> <span class='ocrx_word' id='word_1_168' title='bbox 288 3040 578 3125; x_wconf 85' lang='lat' dir='ltr'>esseaccepimus?</span> <span class='ocrx_word' id='word_1_169' title='bbox 602 3040 658 3125; x_wconf 86' lang='lat' dir='ltr'>qui</span> <span class='ocrx_word' id='word_1_170' title='bbox 669 3021 812 3104; x_wconf 86' lang='lat' dir='ltr'>Romam</span> <span class='ocrx_word' id='word_1_171' title='bbox 823 3041 1006 3104; x_wconf 81' lang='lat' dir='ltr'>inexilium</span> <span class='ocrx_word' id='word_1_172' title='bbox 1028 3035 1189 3119; x_wconf 83' lang='lat' dir='ltr'>venisset,</span> 
     </span>
     <span class='ocr_line' id='line_1_23' title="bbox 174 3153 1190 3246; baseline 0.002 -31"><span class='ocrx_word' id='word_1_173' title='bbox 174 3153 227 3217; x_wconf 89' lang='lat' dir='ltr'>cui</span> <span class='ocrx_word' id='word_1_174' title='bbox 239 3155 354 3220; x_wconf 81' lang='lat' dir='ltr'>Rornoe</span> <span class='ocrx_word' id='word_1_175' title='bbox 368 3158 498 3225; x_wconf 86' lang='lat' dir='ltr'>exulare</span> <span class='ocrx_word' id='word_1_176' title='bbox 505 3160 561 3246; x_wconf 88' lang='lat' dir='ltr'>jus</span> <span class='ocrx_word' id='word_1_177' title='bbox 575 3172 671 3238; x_wconf 86' lang='lat' dir='ltr'>esset,</span> <span class='ocrx_word' id='word_1_178' title='bbox 684 3158 712 3223; x_wconf 90' lang='lat' dir='ltr'>si</span> <span class='ocrx_word' id='word_1_179' title='bbox 726 3180 760 3229; x_wconf 85' lang='lat' dir='ltr'>se</span> <span class='ocrx_word' id='word_1_180' title='bbox 775 3163 817 3226; x_wconf 86' lang='lat' dir='ltr'>ad</span> <span class='ocrx_word' id='word_1_181' title='bbox 827 3160 968 3242; x_wconf 88' lang='lat' dir='ltr'>aliquem</span> <span class='ocrx_word' id='word_1_182' title='bbox 978 3156 1190 3241; x_wconf 86' lang='lat' dir='ltr'>qnasipatro·</span> 
     </span>
     <span class='ocr_line' id='line_1_24' title="bbox 174 3281 1192 3367; baseline 0.006 -27"><span class='ocrx_word' id='word_1_183' title='bbox 174 3300 254 3340; x_wconf 90' lang='lat' dir='ltr'>num</span> <span class='ocrx_word' id='word_1_184' title='bbox 268 3281 509 3362; x_wconf 79' lang='lat' dir='ltr'>applicavisset,</span> <span class='ocrx_word' id='word_1_185' title='bbox 523 3284 741 3367; x_wconf 85' lang='lat' dir='ltr'>intestatoque</span> <span class='ocrx_word' id='word_1_186' title='bbox 756 3298 843 3348; x_wconf 87' lang='lat' dir='ltr'>esset</span> <span class='ocrx_word' id='word_1_187' title='bbox 857 3298 1019 3362; x_wconf 90' lang='lat' dir='ltr'>mortuus,</span> <span class='ocrx_word' id='word_1_188' title='bbox 1030 3304 1138 3346; x_wconf 89' lang='lat' dir='ltr'>nonne</span> <span class='ocrx_word' id='word_1_189' title='bbox 1154 3282 1192 3346; x_wconf 89' lang='lat' dir='ltr'>in</span> 
     </span>
     <span class='ocr_line' id='line_1_25' title="bbox 174 3379 1191 3500; baseline 0.003 -35"><span class='ocrx_word' id='word_1_190' title='bbox 174 3423 215 3465; x_wconf 88' lang='lat' dir='ltr'>ea</span> <span class='ocrx_word' id='word_1_191' title='bbox 228 3403 430 3488; x_wconf 76' lang='lat' dir='ltr'>saussajus*</span> <span class='ocrx_word' id='word_1_192' title='bbox 443 3404 680 3488; x_wconf 80' lang='lat' dir='ltr'>applicationis,</span> <span class='ocrx_word' id='word_1_193' title='bbox 698 3379 874 3473; x_wconf 88' lang='lat' dir='ltr'>obscurum</span> <span class='ocrx_word' id='word_1_194' title='bbox 887 3430 963 3475; x_wconf 88' lang='lat' dir='ltr'>sane</span> <span class='ocrx_word' id='word_1_195' title='bbox 978 3421 1017 3500; x_wconf 79' lang='lat' dir='ltr'>et¹</span> <span class='ocrx_word' id='word_1_196' title='bbox 1026 3407 1191 3493; x_wconf 80' lang='lat' dir='ltr'>ignotum,</span> 
     </span>
     <span class='ocr_line' id='line_1_26' title="bbox 174 3526 1187 3616; baseline 0.002 -25"><span class='ocrx_word' id='word_1_197' title='bbox 174 3526 384 3613; x_wconf 85' lang='lat' dir='ltr'>patefactum</span> <span class='ocrx_word' id='word_1_198' title='bbox 398 3526 432 3589; x_wconf 93' lang='lat' dir='ltr'>in</span> <span class='ocrx_word' id='word_1_199' title='bbox 449 3527 578 3612; x_wconf 91' lang='lat' dir='ltr'>judicio</span> <span class='ocrx_word' id='word_1_200' title='bbox 591 3544 688 3615; x_wconf 87' lang='lat' dir='ltr'>atque</span> <span class='ocrx_word' id='word_1_201' title='bbox 702 3530 900 3616; x_wconf 81' lang='lat' dir='ltr'>illustratum</span> <span class='ocrx_word' id='word_1_202' title='bbox 923 3544 973 3595; x_wconf 88' lang='lat' dir='ltr'>est</span> <span class='ocrx_word' id='word_1_203' title='bbox 987 3544 1156 3613; x_wconf 90' lang='lat' dir='ltr'>apatrono</span> <span class='ocrx_word' id='word_1_204' title='bbox 1173 3531 1187 3593; x_wconf 71' lang='lat' dir='ltr'>i</span> 
     </span>
     <span class='ocr_line' id='line_1_27' title="bbox 177 3646 1189 3742; baseline 0.013 -35"><span class='ocrx_word' id='word_1_205' title='bbox 177 3646 293 3720; x_wconf 79' lang='lat' dir='ltr'>Quid?</span> <span class='ocrx_word' id='word_1_206' title='bbox 315 3669 418 3731; x_wconf 88' lang='lat' dir='ltr'>nuper</span> <span class='ocrx_word' id='word_1_207' title='bbox 444 3670 518 3713; x_wconf 89' lang='lat' dir='ltr'>cum</span> <span class='ocrx_word' id='word_1_208' title='bbox 543 3674 606 3742; x_wconf 77' lang='lat' dir='ltr'>ego</span> <span class='ocrx_word' id='word_1_209' title='bbox 634 3653 673 3716; x_wconf 88' lang='lat' dir='ltr'>C.</span> <span class='ocrx_word' id='word_1_210' title='bbox 688 3653 797 3739; x_wconf 87' lang='lat' dir='ltr'>Sergii</span> <span class='ocrx_word' id='word_1_211' title='bbox 826 3654 960 3716; x_wconf 78' lang='lat' dir='ltr'>Aurata</span> <span class='ocrx_word' id='word_1_212' title='bbox 974 3654 1189 3720; x_wconf 82' lang='lat' dir='ltr'>contrahunc</span> 
     </span>
     <span class='ocr_line' id='line_1_28' title="bbox 176 3763 1190 3864; baseline 0.006 -33"><span class='ocrx_word' id='word_1_213' title='bbox 176 3763 325 3831; x_wconf 83' lang='lat' dir='ltr'>nostrum</span> <span class='ocrx_word' id='word_1_214' title='bbox 339 3769 522 3864; x_wconf 82' lang='lat' dir='ltr'>Antonium</span> <span class='ocrx_word' id='word_1_215' title='bbox 529 3772 659 3859; x_wconf 88' lang='lat' dir='ltr'>judicio</span> <span class='ocrx_word' id='word_1_216' title='bbox 667 3776 795 3864; x_wconf 86' lang='lat' dir='ltr'>privato</span> <span class='ocrx_word' id='word_1_217' title='bbox 807 3795 954 3839; x_wconf 88' lang='lat' dir='ltr'>caussam</span> <span class='ocrx_word' id='word_1_218' title='bbox 966 3773 1190 3855; x_wconf 85' lang='lat' dir='ltr'>defenderem,</span> 
     </span>
    </p>
   </div>
   <div class='ocr_carea' id='block_1_7' title="bbox 1082 3885 1362 3986">
    <p class='ocr_par' dir='ltr' id='par_1_8' title="bbox 1082 3885 1362 3986">
     <span class='ocr_line' id='line_1_29' title="bbox 1082 3885 1362 3986; baseline 0.007 -31"><span class='ocrx_word' id='word_1_219' title='bbox 1082 3912 1187 3957; x_wconf 87' lang='lat' dir='ltr'>nonne</span> <span class='ocrx_word' id='word_1_220' title='bbox 1255 3885 1258 3891; x_wconf 57' lang='grc'><strong>’</strong></span> <span class='ocrx_word' id='word_1_221' title='bbox 1361 3977 1362 3986; x_wconf 16' lang='lat'>¹</span> 
     </span>
    </p>
   </div>
   <div class='ocr_carea' id='block_1_8' title="bbox 174 4056 1269 4361">
    <p class='ocr_par' dir='ltr' id='par_1_9' title="bbox 174 4056 1269 4361">
     <span class='ocr_line' id='line_1_30' title="bbox 206 4056 1191 4127; baseline 0.009 -23"><span class='ocrx_word' id='word_1_222' title='bbox 206 4056 222 4088; x_wconf 71' lang='lat'>’</span> <span class='ocrx_word' id='word_1_223' title='bbox 241 4056 371 4121; x_wconf 83' lang='lat' dir='ltr'>Amongst</span> <span class='ocrx_word' id='word_1_224' title='bbox 378 4061 421 4110; x_wconf 89' lang='lat' dir='ltr'>the</span> <span class='ocrx_word' id='word_1_225' title='bbox 432 4061 555 4127; x_wconf 84' lang='lat' dir='ltr'>Romans,</span> <span class='ocrx_word' id='word_1_226' title='bbox 575 4079 635 4121; x_wconf 83' lang='lat' dir='ltr'>next</span> <span class='ocrx_word' id='word_1_227' title='bbox 644 4078 670 4119; x_wconf 88' lang='lat' dir='ltr'>to</span> <span class='ocrx_word' id='word_1_228' title='bbox 680 4071 723 4120; x_wconf 84' lang='lat' dir='ltr'>the</span> <span class='ocrx_word' id='word_1_229' title='bbox 734 4067 836 4120; x_wconf 77' lang='lat' dir='ltr'>relation</span> <span class='ocrx_word' id='word_1_230' title='bbox 851 4066 882 4117; x_wconf 84' lang='lat' dir='ltr'>of</span> <span class='ocrx_word' id='word_1_231' title='bbox 895 4066 977 4119; x_wconf 81' lang='lat' dir='ltr'>father</span> <span class='ocrx_word' id='word_1_232' title='bbox 995 4065 1045 4115; x_wconf 84' lang='lat' dir='ltr'>and</span> <span class='ocrx_word' id='word_1_233' title='bbox 1061 4079 1114 4124; x_wconf 84' lang='lat' dir='ltr'>son,</span> <span class='ocrx_word' id='word_1_234' title='bbox 1137 4078 1191 4115; x_wconf 83' lang='lat' dir='ltr'>was</span> 
     </span>
     <span class='ocr_line' id='line_1_31' title="bbox 174 4160 1269 4238; baseline 0.014 -27"><span class='ocrx_word' id='word_1_235' title='bbox 174 4163 230 4213; x_wconf 85' lang='lat' dir='ltr'>that</span> <span class='ocrx_word' id='word_1_236' title='bbox 239 4160 270 4211; x_wconf 87' lang='lat' dir='ltr'>of</span> <span class='ocrx_word' id='word_1_237' title='bbox 277 4178 292 4210; x_wconf 85' lang='lat' dir='ltr'>a</span> <span class='ocrx_word' id='word_1_238' title='bbox 302 4162 422 4227; x_wconf 80' lang='lat' dir='ltr'>guardian</span> <span class='ocrx_word' id='word_1_239' title='bbox 441 4167 490 4216; x_wconf 88' lang='lat' dir='ltr'>and</span> <span class='ocrx_word' id='word_1_240' title='bbox 503 4172 543 4220; x_wconf 88' lang='lat' dir='ltr'>his</span> <span class='ocrx_word' id='word_1_241' title='bbox 563 4170 651 4228; x_wconf 82' lang='lat' dir='ltr'>ward;</span> <span class='ocrx_word' id='word_1_242' title='bbox 671 4174 715 4223; x_wconf 85' lang='lat' dir='ltr'>the</span> <span class='ocrx_word' id='word_1_243' title='bbox 723 4172 821 4231; x_wconf 86' lang='lat' dir='ltr'>second,</span> <span class='ocrx_word' id='word_1_244' title='bbox 845 4173 900 4221; x_wconf 80' lang='lat' dir='ltr'>that</span> <span class='ocrx_word' id='word_1_245' title='bbox 920 4171 951 4222; x_wconf 84' lang='lat' dir='ltr'>of</span> <span class='ocrx_word' id='word_1_246' title='bbox 971 4169 1193 4238; x_wconf 81' lang='lat' dir='ltr'>apatronandhi⁸</span> <span class='ocrx_word' id='word_1_247' title='bbox 1266 4211 1269 4218; x_wconf 79' lang='lat'>-</span> 
     </span>
     <span class='ocr_line' id='line_1_32' title="bbox 177 4262 1186 4361; baseline 0.014 -46"><span class='ocrx_word' id='word_1_248' title='bbox 177 4263 268 4327; x_wconf 59' lang='lat' dir='ltr'>clienti</span> <span class='ocrx_word' id='word_1_249' title='bbox 288 4268 330 4361; x_wconf 66' lang='lat' dir='ltr'>the</span> <span class='ocrx_word' id='word_1_250' title='bbox 340 4266 413 4330; x_wconf 77' lang='lat' dir='ltr'>third,</span> <span class='ocrx_word' id='word_1_251' title='bbox 426 4269 456 4321; x_wconf 83' lang='lat' dir='ltr'>of</span> <span class='ocrx_word' id='word_1_252' title='bbox 466 4287 482 4322; x_wconf 84' lang='lat' dir='ltr'>a</span> <span class='ocrx_word' id='word_1_253' title='bbox 491 4273 549 4322; x_wconf 83' lang='lat' dir='ltr'>host</span> <span class='ocrx_word' id='word_1_254' title='bbox 557 4262 606 4325; x_wconf 84' lang='lat' dir='ltr'>and</span> <span class='ocrx_word' id='word_1_255' title='bbox 614 4274 653 4330; x_wconf 82' lang='lat' dir='ltr'>his</span> <span class='ocrx_word' id='word_1_256' title='bbox 662 4286 751 4339; x_wconf 64' lang='lat' dir='ltr'>guest,</span> <span class='ocrx_word' id='word_1_257' title='bbox 769 4276 850 4343; x_wconf 81' lang='lat' dir='ltr'>lastly,</span> <span class='ocrx_word' id='word_1_258' title='bbox 863 4273 1005 4328; x_wconf 80' lang='lat' dir='ltr'>olkindred</span> <span class='ocrx_word' id='word_1_259' title='bbox 1015 4273 1186 4339; x_wconf 63' lang='lat' dir='ltr'>enuntiares</span> 
     </span>
    </p>
   </div>
   <div class='ocr_carea' id='block_1_9' title="bbox 0 0 1380 4950">
    <p class='ocr_par' dir='ltr' id='par_1_10' title="bbox 0 0 1380 4950">
     <span class='ocr_line' id='line_1_33' title="bbox 0 0 1380 4950; baseline 0 0"><span class='ocrx_word' id='word_1_260' title='bbox 0 0 1380 4950; x_wconf 95' lang='lat' dir='ltr'> </span> 
     </span>
    </p>
   </div>
  </div>
 </body>
</html>
