2742 4950
186 346 230 411 ω
473 338 896 406 horaeon

213 513 244 589 ἦ
267 507 432 575 XLVIII.
479 507 730 591 Deprehensum
745 507 899 590 equidem
911 528 977 584 me,
992 506 1101 590 inquit
1120 511 1189 574 Aa·
1222 497 1248 585 ⁵,

184 627 304 704 tonius,
316 626 410 710 plane
423 627 522 691 video
537 639 633 710 atque
656 627 784 701 senti03
817 622 884 688 non
907 627 1013 706 solum
1040 630 1130 709 quod
1154 651 1193 694 ea

181 749 391 834 requiruntur
404 773 424 814 a
436 773 502 830 me,
514 771 654 834 quorum
667 772 739 814 sum
754 752 885 837 ignarus
911 746 1165 834 atque'InsoIens
1184 774 1193 827 ;

182 875 243 938 sed
256 874 344 957 quia,
355 875 444 958 quod
465 874 498 935 in
523 875 645 938 caussis
665 866 761 940 valde
788 876 901 961 fugere
927 876 1028 956 soleo,
1055 897 1096 941 ne
1119 877 1198 959 tibi,

184 996 317 1073 Crasse,
342 995 525 1071 succedam,
546 994 582 1058 id
606 1016 660 1057 me
681 1015 767 1058 nunc
800 996 855 1058 isti
880 972 982 1060 bitere
993 1016 1060 1058 non
1073 996 1197 1060 sinunt.

184 1118 312 1182 Verum
322 1115 386 1177 hoc
400 1114 569 1199 ingrediar
581 1114 624 1179 ad
636 1136 687 1195 ea,
701 1136 770 1197 qua
793 1115 904 1191 vultis,
931 1117 1085 1180 audacius
1104 1117 1199 1200 quod

182 1233 273 1299 idem
286 1233 368 1299 mihi
379 1255 475 1318 spero
489 1256 551 1297 usu
564 1257 635 1300 esse
648 1250 824 1300 venturum
838 1237 946 1299 iubae
960 1238 1198 1321 disputatione,

184 1360 274 1443 quod
287 1356 471 1424 indicendo
485 1358 580 1437 solet,
593 1371 631 1421 ut
654 1343 746 1420 nulla
771 1371 963 1439 expectetur
987 1374 1102 1424 ornata
1124 1380 1199 1423 ora·

182 1483 232 1546 tio
243 1505 348 1567 neque
363 1486 451 1548 enim
465 1505 538 1547 sum
547 1484 588 1546 de
615 1496 684 1546 arte
711 1481 870 1558 dicturus,
896 1502 996 1564 quam
1018 1502 1202 1565 numquam

181 1601 298 1683 didici,
316 1606 378 1669 sed
390 1606 430 1670 de
445 1602 789 1668 meaconsuetudiue:
821 1603 955 1685 ipsaque
982 1603 1049 1682 illa,
1069 1624 1141 1685 quae
1163 1604 1200 1666 in

184 1725 458 1789 commentarium
469 1745 582 1799 meum
592 1722 703 1800 retuli,
714 1735 791 1785 sunt
803 1721 978 1806 ejusmodi,
990 1745 1059 1785 -non
1084 1723 1199 1807 aliqua

183 1844 267 1906 mibi
280 1844 430 1909 doctrina
441 1846 573 1922 tradita,
588 1842 693 1908 sedin
705 1862 816 1905 rerum
826 1864 889 1906 usu
901 1843 1089 1926 caussisque
1111 1859 1198 1909 trac·

184 1975 252 2028 tata
263 1989 333 2047 quae
348 1968 377 2030 si
388 1968 494 2045 vobis,
514 1966 703 2029 hominibus
724 1965 967 2046 eruditissimis,
991 1988 1056 2028 non
1080 1968 1204 2050 proba·

176 2083 316 2162 buntur,
328 2098 471 2147 vestram
485 2084 692 2165 iniquitatem
717 2099 914 2167 accusatote,
937 2088 993 2168 qui
1019 2109 1062 2150 ex
1084 2109 1136 2151 me
1161 2110 1217 2153 ea,
1289 2072 1292 2076 Δ

184 2202 392 2286 quaesieritis,
401 2226 478 2288 quae
494 2176 555 2286 ego
562 2205 723 2268 nescirem
739 2231 747 2278 ;
763 2229 870 2273 meam
884 2210 1077 2276 facilitatem
1088 2210 1201 2275 lauda-

184 2339 264 2403 tote,
280 2326 469 2405 cumvobis,
482 2348 547 2389 non
560 2348 634 2391 meo
643 2325 786 2410 judicio,
801 2329 860 2390 sed
880 2340 990 2390 vestro
1007 2330 1118 2391 studio
1145 2302 1207 2393 in(
1276 2412 1278 2417 s

89 2507 97 2520 ,
187 2442 396 2526 ductus,nori
408 2460 539 2533 gravate
553 2443 761 2530 respondero.
807 2441 897 2504 Tum
914 2440 1064 2520 Crassus,
1093 2442 1202 2528 Perge

193 2567 595 2649 m0d0,inquit,Antoni;
617 2565 743 2628 nullum
756 2577 805 2628 est
828 2563 916 2628 enim
945 2562 1139 2648 periculum,
1163 2585 1206 2627 ne
1240 2553 1242 2558 ’

187 2685 267 2766 quid
280 2698 316 2745 tu
330 2684 496 2763 eloquare,
508 2682 571 2742 nisi
589 2683 635 2744 ita
656 2685 846 2766 prudenter,
870 2695 909 2745 ut
940 2682 1107 2746 nemiuem
1130 2702 1208 2744 nos-

101 2827 111 2845 ·
186 2801 490 2888 trumpoeni'teatad
510 2802 595 2862 hunc
620 2814 653 2861 te
679 2822 864 2864 sermonem
890 2801 1071 2884 impulisse.
1126 2803 1203 2886 Ego

183 2933 275 2999 reru,
286 2919 403 3002 inquit,
416 2938 562 3002 pergam,
577 2929 610 2978 et
623 2915 658 2977 id
672 2915 806 2994 faciam,
819 2915 909 2997 quod
926 2916 959 2976 in
970 2917 1131 3001 principio
1152 2919 1207 2982 lie·

188 3046 218 3108 ri
231 3046 266 3108 in
279 3041 431 3108 omnibus
446 3036 721 3126 disputationibus
734 3046 884 3120 oportere
900 3054 1029 3112 cense0,
1047 3048 1095 3113 ut,
1122 3039 1205 3117 quid

190 3171 271 3235 illud
280 3171 334 3248 sit,
346 3170 387 3232 de
400 3189 466 3251 quo
479 3166 674 3252 disputetur,
685 3156 876 3243 explanetur
890 3183 899 3231 ς
922 3177 963 3219 ne
977 3156 1089 3241 vagari
1104 3171 1137 3219 et
1151 3178 1203 3221 er-

189 3309 262 3350 rare
276 3302 412 3372 cogatur
423 3286 541 3361 oratio,
552 3283 579 3344 si
593 3281 617 3343 ii
630 3281 687 3364 qui
701 3280 829 3343 interse
844 3278 1069 3357 dissenserint,
1088 3299 1157 3339 non
1179 3277 1204 3338 i·
1270 3293 1272 3297 ·
1314 3270 1317 3273 ⁴

191 3412 270 3475 dem
282 3435 353 3477 esse
366 3411 459 3487 illud,
472 3410 590 3490 dequo
603 3406 725 3496 agitur,
738 3403 921 3490 intelligent
935 3429 944 3468 ι
967 3427 1043 3468 nam
1054 3405 1095 3487 ,si
1118 3404 1203 3464 forte

191 3546 402 3614 quareretur,
415 3553 484 3614 quae
506 3540 601 3608 esset¹
615 3547 666 3589 ars
693 3525 910 3608 imperatoris,
938 3522 1205 3602 constituendum

193 3661 341 3731 putarem
355 3648 529 3732 princip10,
544 3647 616 3729 quis
630 3643 920 3727 essetimperator3
944 3643 1000 3723 qui
1015 3663 1090 3704 cum
1111 3635 1205 3705 ‘esset

192 3771 399 3852 constitutus,
407 3749 668 3846 Administrator
680 3765 814 3850 quidam
825 3765 902 3827 belli
913 3766 1057 3853 gerendi,
1069 3780 1140 3829 tum
1150 3765 1205 3829 ad·

189 3894 401 3980 jungeremus
416 3894 456 3956 de
471 3891 627 3970 exercitu,
649 3890 691 3952 de
717 3888 842 3966 castris,
868 3889 910 3951 de
945 3889 1140 3974 agminibus,
1163 3888 1204 3950 de
1274 3977 1275 3982 η

196 4016 366 4105 signorum
380 4017 618 4095 collationibus,
630 4016 671 4080 de
681 4012 877 4097 oppidorum
899 4009 1204 4098 oppugnationibus,

198 4152 449 4224 decoramenta,
457 4144 499 4209 de
535 4138 665 4206 insidiis
688 4135 849 4204 faciendis
872 4152 969 4221 atque
984 4137 1144 4215 uitandis,
1164 4134 1204 4196 de

691 4235 696 4239 .
1010 4284 1016 4322 ῃ
1064 4250 1202 4339 reliquis
