2742 4950
434 319 868 425 dunense.
1141 374 1183 431 ⁵3

173 550 218 602 et
247 544 300 627 (nt
311 533 388 595 inter
399 528 551 592 homines
573 528 694 610 peritos
708 540 853 590 constare
866 526 981 610 video)
1009 530 1042 592 in
1055 529 1112 597 illo
1128 554 1188 598 suo

180 680 301 746 genere
315 655 467 719 omnium
479 650 640 735 princeps.

220 908 236 982 l
260 905 395 969 XXIII.
442 903 554 977 Quem
573 901 717 977 mmihi,
739 901 845 984 inquit
861 901 1003 981 Mutius,
1025 903 1184 985 Staseam,

178 1051 282 1112 quem
310 1027 563 1112 Peripateticum
587 1028 724 1088 narras?
759 1029 930 1091 Gerendus
957 1040 1008 1089 est
1034 1027 1096 1089 tibi
1119 1048 1191 1090 mos

181 1152 488 1229 adolescentibus*‚
502 1151 633 1224 Crasse,
650 1149 708 1231 qui
722 1170 787 1211 non
805 1150 913 1219 Graeci
937 1150 1073 1237 alicujus
1087 1149 1193 1234 quoti·

180 1276 322 1340 dianam
331 1275 567 1355 loquacitatem
580 1272 644 1336 siue
658 1293 732 1351 usn,
744 1294 849 1355 neque
864 1296 905 1336 ex
917 1275 1037 1338 scholis
1056 1275 1187 1339 cantile-

182 1422 273 1464 nam
290 1401 461 1484 requirunt,
482 1400 542 1461 sed
555 1420 599 1459 ex
621 1396 753 1459 homine
778 1397 924 1461 omnium
950 1399 1190 1484 sapientissimo

186 1536 286 1605 atque
305 1523 585 1606 eloquentissimo,
608 1536 704 1603 atque
728 1542 770 1583 ex
789 1542 840 1600 eo,
865 1524 1000 1604 quinon
1013 1523 1046 1585 in
1059 1522 1191 1600 libellis,

183 1645 294 1708 sedin
307 1644 459 1709 maximis
473 1643 609 1721 caussis,
633 1656 667 1706 et
688 1641 723 1705 in
742 1643 805 1705 hoc
827 1645 995 1710 domicilio
1009 1648 1136 1732 imperii
1158 1644 1192 1712 'et

186 1765 297 1848 gloria
318 1766 360 1829 sit
386 1765 521 1829 consilio
545 1765 724 1849 linguaque
751 1765 911 1849 princeps,
938 1768 1029 1851 cujus
1054 1765 1194 1849 vestigia

75 1931 79 1938 .
181 1887 336 1969 persequi
350 1887 496 1970 cupiunt,
519 1888 590 1971 ejus
616 1885 810 1950 sententiam
831 1887 1047 1947 sciscitantur.
1092 1883 1194 1966 Equi·

187 2006 269 2069 dem
280 2022 312 2099 te
326 2029 401 2072 curn
421 2007 610 2073 indicendo
631 2025 762 2088 semper
774 2005 885 2089 putavi
896 2008 1005 2084 deum,
1030 2020 1101 2069 tum
1114 2025 1193 2068 vero

182 2127 249 2190 tibi
262 2150 443 2209 numquam
456 2126 641 2210 eloquentia
654 2125 815 2211 majorem
829 2125 928 2189 tribui
938 2127 1080 2222 laudem,
1094 2148 1192 2210 quam

185 2247 424 2310 humanitatis:
448 2268 511 2331 qua
522 2269 608 2310 nunc
621 2262 653 2313 te
668 2248 717 2310 uti
729 2248 781 2313 vel
794 2249 936 2314 maxime
955 2251 1062 2328 decet,
1086 2267 1192 2329 neque

184 2365 341 2452 defugere
354 2390 425 2433 eam
439 2366 705 2451 disputationem,
717 2369 865 2452 adquam
876 2384 908 2435 te
921 2370 986 2433 duo
998 2364 1188 2431 excellentis

188 2489 313 2574 ingenii
326 2492 547 2556 adolescentes
559 2491 695 2575 cupiunt
705 2493 872 2555 accedere.
898 2490 971 2572 Ego
979 2505 1069 2564 vero,
1080 2481 1195 2564 inquit,

184 2612 260 2676 istis
274 2613 407 2697 obsequi
422 2612 553 2689 studeo,
565 2632 674 2691 neque
683 2614 840 2694 gravabor
847 2612 990 2677 breviter
1001 2629 1075 2675 meo
1087 2625 1191 2684 more,

183 2737 272 2819 quid
284 2755 415 2818 quaque
428 2736 518 2798 dere
539 2734 687 2815 sentiam,
712 2740 832 2805 dicere.
879 2742 932 2803 Ac
952 2738 1094 2823 primum
1114 2732 1194 2795 illud

191 2856 363 2947 (quoniam
389 2858 616 2924 auctoritatem
639 2876 731 2927 tuam
755 2867 935 2951 negligere,
962 2860 1118 2940 Scaevola,
1143 2857 1194 2922 fas

187 2977 272 3042 milti
284 3001 353 3043 esse
367 3001 433 3042 non
445 2982 542 3065 puto)
557 2986 755 3065 respondeo,
766 2985 848 3048 mihi
861 2985 992 3051 dicendi
1007 2997 1063 3047 aut
1072 2981 1194 3045 nullam

189 3114 305 3182 artem,
328 3116 384 3165 aut
404 3115 599 3187 pertenuem
612 3101 722 3164 videri
737 3130 746 3176 ;
769 3108 827 3192 sed
839 3125 970 3168 ornnem
982 3123 1051 3166 esse
1067 3114 1195 3163 conten·

188 3220 316 3282 tionem
350 3220 433 3285 inter
468 3219 623 3281 homines
650 3220 764 3281 doctos
790 3223 823 3289 in
851 3223 942 3288 verbi
975 3217 1196 3283 controversia

187 3333 344 3418 positam.
389 3337 492 3412 Nam,
518 3337 546 3397 si
571 3357 623 3398 ars
649 3337 695 3400 ita
720 3339 872 3406 definitur
907 3350 958 3434 (ut
989 3341 1085 3426 paulo
1119 3325 1204 3403 ante

189 3452 346 3535 exposuit
367 3452 561 3540 Antonius‚)
593 3477 634 3520 ex
657 3458 751 3524 rebus
774 3463 903 3546 penitus
926 3459 1103 3546 perspectis
1128 3459 1195 3540 pla-

189 3600 296 3664 neque
321 3580 472 3665 cognitis,
497 3595 592 3667 atque
619 3586 658 3649 ab
680 3586 843 3678 opinionis
867 3585 1001 3649 arbitrio
1027 3582 1195 3669 sejunctis,

191 3707 389 3790 scientiaque
404 3709 662 3793 comprehensis:
677 3731 744 3773 non
752 3711 835 3773 mihi
847 3711 979 3775 videtur
990 3731 1041 3773 ars
1052 3708 1191 3774 oratoris

190 3849 262 3892 esse
274 3830 357 3904 ulla:
372 3845 448 3896 sunt
457 3832 656 3914 enimraria,
667 3846 701 3897 et
709 3835 751 3896 ad
763 3832 930 3917 vulgarem
942 3832 1194 3918 popularemque

1059 3976 1192 4019 sensum

221 4198 235 4223 ⁸
252 4199 365 4252 Goemlm
374 4203 459 4256 esttibi
468 4204 715 4265 meodoletcentlbur,
732 4219 782 4269 yon
800 4215 870 4261 must
888 4206 981 4273 gratify
1002 4224 1030 4259 or
1040 4165 1141 4264 iodnge'
1153 4198 1196 4247 the

187 4306 428 4369 younrgenttema
463 4308 655 4378 noemam.
672 4308 937 4379 tegentifyoroblige.
