2742 4950
456 427 486 491 L
509 447 523 490 1
547 446 567 491 n
591 431 617 492 i·
635 445 657 490 n
694 425 750 491 -11.
808 434 862 491 63.
1105 438 1175 502 197¹

153 621 238 687 saepe
253 614 409 683 magnum
420 595 695 659 risum'movent:
720 593 825 678 magis
837 606 874 657 ut
891 592 974 687 belle
989 606 1023 660 et
1034 594 1165 664 literate

155 728 246 794 dicta
258 727 432 791 laudantur
444 749 453 798 ;
476 719 558 785 utin
572 719 666 781 illum
680 716 824 796 Titium,
849 719 906 800 qui
920 740 997 783 cum
1020 721 1168 789 studiose

154 850 225 936 pila
234 849 375 926 luderet,
400 859 433 909 et
446 844 537 908 idem
551 840 644 926 signa
657 860 749 904 sacra
761 853 863 904 noctu
874 839 1023 926 frangere
1037 856 1170 943 putare.
1191 919 1194 927 ,

156 989 220 1055 tur,
233 973 461 1059 gregalesque,
474 987 550 1030 cum
569 946 766 1049 incdmpum
779 985 846 1027 non
859 963 1015 1042 venisset,
1027 968 1170 1049 require.

158 1112 241 1179 rent,
255 1093 426 1164 excusavit
450 1095 561 1174 Vespa
580 1089 772 1163 Terentius,
797 1088 886 1171 quod
910 1108 986 1152 eum
1012 1087 1172 1158 brachium

147 1224 296 1311 fregisse
323 1223 460 1287 diceret.
515 1217 568 1280 Ut
597 1211 679 1275 illud
705 1211 870 1293 Africani,
902 1214 992 1295 quod
1016 1226 1066 1295 est
1089 1218 1176 1300 apud

157 1347 354 1412 Lucilium:

175 1461 298 1557 Quid?
330 1461 632 1540 unicissimum
656 1480 699 1525 cac
728 1461 912 1549 confixum*
943 1466 993 1528 uis
1003 1460 1152 1550 facere?

267 1585 383 1675 inquit.
918 1556 924 1567 ⁵

179 1680 181 1683 V
198 1706 250 1771 Ut
261 1718 337 1768 tuus
352 1706 490 1781 amicus,
511 1700 642 1774 Crasse,
668 1700 823 1781 Granius,
846 1727 908 1770 non
921 1725 989 1769 esse
1001 1703 1169 1772 sextantis.

156 1825 213 1906 Et,
241 1830 269 1891 si
295 1828 450 1912 quaeritis,
476 1826 517 1901 is,
544 1824 601 1909 qui
626 1824 807 1909 appellatur
830 1826 938 1902 dicax,
962 1827 1026 1889 hoc
1051 1846 1169 1911 genere

156 1922 300 2017 maxime
315 1948 474 2023 excellit:
494 1947 553 2011 sed
563 1945 649 2010 risus
663 1960 797 2010 movent
815 1946 879 2010 alia
891 1946 1044 2032 majores.
1089 1948 1173 2009 Am·

154 2068 297 2153 biguum
318 2088 424 2151 perse
439 2067 547 2151 ipsum
560 2066 717 2148 probatur
735 2063 770 2127 id
782 2062 928 2147 quidem,
943 2078 980 2127 ut
991 2077 1078 2145 ante,
1090 2063 1178 2144 dini,¹

153 2191 208 2253 vel
221 2189 383 2254 maxime:
397 2186 569 2274 ‘ingeniosi
581 2188 670 2250 enim
680 2185 905 2269 videtne-vim
918 2186 1010 2249 verbi
1022 2185 1056 2250 in
1069 2185 1171 2263 aliud,

156 2320 254 2392 atque
269 2306 376 2372 caeteri
391 2307 562 2392 accipiant,
575 2327 671 2390 posse
687 2308 807 2371 ducere
822 2329 831 2367 ι
847 2304 905 2369 sed
920 2304 1172 2383 admirationem

158 2427 275 2514 magis,
287 2449 385 2513 quam
398 2426 503 2493 risum
515 2442 639 2509 movet,
654 2428 718 2492 nisi
731 2427 899 2516 siquando
910 2425 1027 2492 incidit
1038 2426 1070 2491 in
1082 2425 1175 2498 aliud

156 2570 257 2636 genus
270 2549 414 2615 ridiculi.
502 2583 509 2593 ·

201 2796 216 2871 l
240 2790 374 2857 Lx111.
420 2790 506 2871 Quae
533 2815 661 2883 genera„
683 2819 871 2883 percurram
897 2802 1076 2884 equidemz
1110 2801 1171 2867 sed

157 2919 249 2983 scitis
263 2940 334 2985 esse
352 2917 562 2987 notissimum
576 2922 709 2988 ridiculi
724 2948 838 3012 genus,
851 2949 926 2991 cum
938 2928 1025 2992 aliud
1038 2947 1172 3012 exspec-

155 3054 276 3120 tamus,
300 3043 389 3108 aliud
412 3042 556 3110 dicitur:
578 3047 633 3113 hic
654 3017 822 3115 nobismet!
843 3050 921 3131 ipsis
946 3061 1058 3110 noster
1080 3067 1171 3113 error

156 3166 259 3231 risum
273 3181 395 3233 movet.
443 3170 546 3245 Quod
559 3171 587 3232 si
599 3172 779 3234 admistum
795 3181 845 3230 est
857 3167 957 3231 etiam
969 3168 1171 3254 ambiguum,

157 3287 194 3349 fit
205 3290 342 3353 salsius:
365 3304 403 3354 ut
416 3292 504 3375 apud
518 3290 554 3351 N
556 3290 673 3355 avium*
681 3288 894 3356 videturesse
906 3288 1094 3356 misericors
1105 3292 1171 3376 ille,

156 3406 214 3494 qui
224 3407 417 3505 judicatum
427 3406 505 3470 duci
517 3406 623 3488 videt,
635 3421 863 3494 percunctatus
876 3406 933 3489 ita,

938 3595 942 3620 l
1046 3529 1171 3619 Quanti

184 3770 200 3832 l
218 3766 284 3837 ΡΜ
292 3767 308 3816 i
324 3768 421 3828 Decies,
432 3769 719 3839 mmlammroafixum
739 3770 887 3840 desuem?
901 3772 982 3836 oqatr.
1010 3765 1013 3769 ’
1028 3772 1174 3830 Hominem

152 3872 273 3940 cmfixum
285 3870 365 3922 facere
373 3888 433 3937 may
445 3888 521 3924 mean
532 3883 559 3923 to
567 3874 648 3924 thrust
658 3889 674 3924 a
685 3888 747 3924 man
758 3875 865 3940 through
874 3873 963 3926 witha
979 3873 1068 3934 swerd,
1092 3890 1171 3944 spese,
1193 3913 1197 3922 .

153 3977 197 4027 &e
210 3975 326 4025 nuculam
332 3977 454 4054 confixam
464 3977 554 4036 facere,
565 3986 593 4026 to
602 3974 677 4027 macl(
691 3977 784 4042 (pierce
794 3978 912 4044 through)
926 3992 941 4027 a
952 3987 1004 4028 nut.

185 4078 272 4133 Butler
281 4095 336 4129 uses
345 4093 361 4128 a
371 4078 465 4127 similar
473 4078 610 4138 antithesis,
622 4078 649 4127 in
657 4080 728 4128 these
737 4071 815 4129 linesz

303 4182 368 4232 Will
377 4197 426 4248 you
436 4182 534 4263 employ
544 4198 607 4248 your
617 4180 761 4248 conqu’ring
772 4178 862 4240 swerd,

305 4283 546 4351 Tobreakaliddle,
557 4284 607 4335 and
614 4299 677 4353 your
687 4280 775 4335 word?
1006 4346 1009 4350 ³

531 4361 535 4370 ¹
676 4360 969 4448 uunrsais‚caitaa
