2742 4950
135 354 222 435 [m
435 350 511 412 Dr
567 315 912 413 ormont

154 535 235 578 uum
247 515 369 592 dicunt,
383 514 564 599 intelligere
578 514 659 578 mihi
671 533 737 579 nou
749 510 902 576 videntur
916 533 925 575 z
948 513 978 574 si
998 512 1092 576 enim
1117 524 1171 576 ost

151 636 304 708 oratoris,
328 654 543 716 quaecumque
555 655 606 700 res
620 632 742 698 infinite
763 630 869 716 posita
882 629 937 708 sit,
961 630 1001 694 de
1014 649 1177 712 esposse

153 753 274 831 dicere,
300 753 478 841 dicendum
500 757 563 821 erit
583 758 626 837 ei,
652 768 772 839 quantu
792 753 834 817 sit
854 752 933 815 solis
956 749 1180 841 mafflritudo,

156 894 227 956 quae
249 874 486 941 formatorem
510 880 550 943 de
564 877 815 973 mathematicis,
838 877 881 940 de
905 871 1038 938 musicis
1061 871 1175 934 rebus

155 1011 222 1055 non
233 997 368 1078 poterit,
392 999 471 1081 quin
493 1000 591 1077 dicat,
614 999 677 1061 hoc
691 1018 786 1063 onere
808 1008 971 1080 suscepto,
994 1012 1173 1089 reeusare.

159 1112 312 1198 Denique
325 1118 368 1195 ei,
394 1119 451 1201 qui
464 1120 633 1209 profitetur
646 1138 718 1180 esse
732 1136 838 1193 snum,
861 1134 925 1177 non
939 1113 1045 1176 solum
1058 1111 1103 1174 de
1127 1110 1177 1173 iis
1227 1201 1231 1206 V

159 1236 401 1313 controversiis,
425 1229 498 1319 quae¹
523 1238 727 1320 temporibus
754 1247 787 1296 et
803 1233 952 1317 'personis
972 1242 1057 1323 notat
1080 1243 1181 1307 sunt,

153 1352 221 1416 boc
234 1369 295 1430 est,
322 1359 364 1423 de
377 1359 526 1421 omnibus
540 1356 736 1433 forensibus,
758 1357 932 1418 sedetiam
951 1356 990 1420 de
1005 1372 1175 1439 generum

154 1467 299 1533 'infinitis
322 1475 556 1554 quaestionssius
583 1475 703 1551 dicere,
719 1471 849 1536 nullum
858 1483 968 1554 potest
980 1462 1053 1535 esse
1067 1489 1182 1554 genus

153 1586 326 1668 orationis,
340 1596 428 1672 quod
441 1594 483 1655 sit
496 1606 679 1675 exceptum.
842 1568 847 1579 ⁸

205 1833 219 1910 i
243 1836 340 1904 XVIa
385 1837 454 1901 Sed
466 1837 495 1899 si
510 1835 739 1917 illamquoque
752 1821 882 1918 purtem*
891 1830 1111 1914 quaestionum
1124 1849 1183 1893 or·

155 1932 244 2019 utori
253 1958 406 2022 volumus
415 1959 606 2043 adjungere,
617 1951 925 2040 vagametliberam
939 1966 973 2014 et
984 1953 1049 2014 late
1060 1964 1198 2035 paten->

160 2086 240 2149 tem,
255 2089 291 2134 ut
302 2080 343 2139 de
354 2080 451 2139 rebus
464 2080 558 2139 bonis
573 2093 629 2140 aut
643 2078 749 2155 malis,
765 2075 954 2160 expetendis
968 2087 1023 2137 sut
1045 2072 1182 2159 fugien-

117 2199 121 2213 '
155 2191 379 2269 dis,honestis
392 2209 447 2258 aut
459 2198 619 2278 turpibus,
632 2198 767 2261 utilibus
781 2212 837 2259 sut
850 2199 1031 2279 inutilibus,
1044 2202 1087 2265 de
1109 2197 1182 2261 vir-

161 2333 243 2397 tute,
255 2319 295 2382 de
306 2318 448 2403 justitia,
460 2321 501 2383 de
516 2320 730 2399 continentia,
743 2324 783 2389 de
808 2326 993 2407 prudentia,
1019 2328 1061 2388 de
1089 2350 1188 2414 mag.

159 2445 310 2511 nitudine
321 2444 438 2525 smmi,
451 2446 493 2510 de
501 2445 709 2526 liberalitate,
718 2447 757 2512 de
770 2447 954 2533 pietate,de
969 2449 1129 2529 amicitia,
1140 2453 1192 2544 de

164 2573 239 2651 fide,
252 2573 292 2637 de
306 2572 423 2647 officio,
435 2571 475 2634 de
490 2567 617 2641 caeteris
629 2566 816 2647 virtutibus,
831 2571 1064 2655 contrariisque
1076 2575 1179 2638 vitiis

165 2687 470 2753 dicendumoratori
484 2702 660 2768 putemus;
684 2688 828 2770 itemque
853 2690 894 2751 de
921 2689 1114 2773 Republica,
1135 2693 1181 2758 de

165 2808 315 2889 imperio,
329 2812 369 2872 de
384 2829 419 2871 re
434 2807 580 2885 militari,
600 2809 640 2872 de
652 2808 825 2894 disciplina
837 2813 991 2892 civitatis,
1005 2777 1055 2878 de]
1074 2816 1186 2882 homi·

158 2948 243 3004 num
254 2928 398 2992 moribus
412 2952 421 2991 z
445 2950 649 3016 assumamus
662 2951 736 2993 eam
750 2951 879 3013 quoque
894 2946 1032 3015 partem,
1046 2940 1184 3018 sedita,

165 3067 202 3117 ut
212 3053 255 3115 sit
267 3019 516 3142 eircumseripta
526 3058 665 3121 modieis
679 3057 877 3142 regionibus.
923 3059 1088 3142 Equidem
1104 3029 1181 3129 oni·

157 3173 231 3250 uia,
245 3196 315 3257 quse
330 3177 494 3259 pertinent
516 3180 556 3242 ad
565 3198 660 3240 usum
688 3176 823 3256 civium,
848 3197 974 3240 morem
994 3169 1183 3261 hominum',
1222 3201 1225 3208 ¹

168 3312 238 3371 quae
250 3308 420 3354 versantur
431 3294 463 3354 in
476 3292 709 3356 consuetudine
723 3293 811 3371 vitae,
837 3292 871 3355 in
896 3293 1020 3374 ratione
1036 3294 1182 3380 Reipub-

158 3411 247 3490 lice,
257 3413 291 3474 in
298 3412 357 3475 bac
371 3412 525 3476 societate
538 3414 639 3494 civili,
652 3415 802 3478 insensu
810 3416 982 3484 ,hominum
999 3421 1179 3499 communi,

162 3539 201 3602 'in
210 3553 335 3616 natura,
349 3538 504 3617 moribus,
519 3540 824 3623 comprehendenda
836 3561 907 3602 esse
922 3542 1042 3602 oratori
1070 3555 1150 3623 puto
1161 3566 1174 3605 ,τ

162 3661 196 3723 ἐἰ
210 3646 318 3724 minus
332 3664 552 3745 utseparatim
565 3668 606 3730 de
620 3665 671 3727 his
685 3663 781 3727 rebus
788 3647 1060 3746 ⁴pbilosophorum
1079 3687 1173 3732 more

160 3786 369 3866 respondeat,
382 3800 510 3851 atcerte
524 3803 561 3858 ut
575 3790 609 3851 in
623 3806 737 3852 caussa
745 3786 921 3869 prudenter
939 3788 1042 3870 possit
1069 3790 1175 3856 intex-

168 3925 220 3969 ere
236 3930 246 3980 ;
267 3907 356 3973 hisce
370 3924 479 3975 autem
490 3913 569 3998 ipsis
579 3917 620 3979 de
633 3913 730 3976 rebus
745 3923 782 3982 ut
792 3910 837 3972 ita
848 3912 1001 3994 loquatur
1014 3929 1050 3978 ut
1058 3916 1094 3994 ii,
1118 3916 1174 4000 qni

154 4034 248 4122 jura,
262 4033 317 4115 qui
328 4035 430 4121 leges,
457 4037 513 4120 qui
539 4038 689 4103 civitates
710 4035 958 4120 constituerunt,
977 4042 1079 4124 locuti
1090 4056 1175 4120 sunt,
1228 4017 1234 4028 ⁶

160 4156 359 4244 simpliciter
370 4179 403 4232 et
415 4165 595 4251 splendide,
608 4165 678 4232 sine
689 4167 755 4233 ulla
767 4167 849 4234 serie
860 4168 1128 4255 disputationum,
1141 4181 1174 4231 ot

1096 4295 1170 4358 -sine
