2742 4950
11 4303 18 4560 i
68 4551 74 4560 ,

142 351 187 409 44
325 356 328 365 ¹
432 341 508 405 Dr
553 338 856 429 Onerosi

143 521 238 590 atque
260 507 454 579 contemsit3
473 504 652 591 ,multaque
673 525 742 570 non
772 517 840 568 tam
872 504 1013 598 graviter
1053 507 1154 587 dixit,

140 654 237 717 quarn
251 631 377 695 facete:
400 643 458 695 tua
480 644 591 695 autem
609 616 681 694 ,suit
705 610 810 697 oratio
831 611 1005 718 ejusmodi,
1024 612 1094 693 non
1113 648 1159 699 ut

144 757 243 823 ullam
267 772 369 824 artem
382 758 605 825 doctrinamve
621 732 869 853 contemneres3
892 758 951 851 sed
973 770 1010 819 ut
1036 737 1165 839 omnes

140 882 279 947 comites
291 903 328 945 ac
341 879 507 943 ministras
521 877 658 958 oratoris
670 901 740 944 esse
750 881 877 943 diceres
894 852 908 955 ςἸ
925 900 1105 965 quas,ego,
1119 878 1164 940 si,

139 1013 212 1098 quis
223 1010 269 1075 sit
279 1030 362 1075 unus
376 1009 563 1092 complexus
576 990 863 1103 omnes,i‹iemque
878 1010 905 1091 si
917 1012 959 1074 ad
973 1032 1028 1075 eas
1042 1009 1146 1075 facul.

138 1149 243 1201 tatem
253 1135 352 1221 istam
360 1127 604 1195 ornatissimae*
616 1130 772 1211 orationis
783 1131 978 1225 adjunxerit,
987 1150 1054 1194 non
1078 1155 1155 1219 pos-

142 1266 218 1316 sum
239 1253 362 1335 dicere,
389 1267 555 1332 eumknon
582 1248 759 1330 egregium
781 1251 944 1330 quendam
985 1254 1155 1319 hominem

139 1391 237 1462 etque
250 1376 481 1440 admirandum
491 1371 575 1434 fore.
613 1369 681 1432 Sed
693 1368 734 1448 is,
742 1370 770 1456 si
785 1371 859 1453 quis
871 1390 971 1454 esset,
985 1380 1155 1442 autetiam

140 1501 170 1565 si
180 1518 337 1583 umquam
347 1496 476 1586 fuisset,
490 1506 545 1559 aut
558 1513 638 1557 vero
652 1494 681 1561 si
696 1514 767 1567 esse
781 1507 904 1577 posset,
917 1509 955 1559 tu
968 1517 1057 1562 esses
1070 1521 1153 1561 unus

32 1676 37 1683 .
107 1688 109 1693 ,
139 1626 297 1713 profeetO,
309 1623 377 1708 qui,
391 1636 425 1685 et
440 1642 515 1703 meo
523 1619 652 1706 judicio
666 1633 701 1682 ot
711 1620 871 1699 omnium,
884 1621 942 1684 vix
969 1622 1069 1689 ultan
1091 1646 1154 1691 ote·

139 1754 219 1822 teris
232 1752 415 1819 oratoribus
430 1757 524 1842 (pace
538 1748 656 1812 horum
663 1746 822 1831 dixerim)
834 1748 967 1814 laudern
979 1744 1154 1832 reliquisti.

142 1880 271 1947 Verum
284 1874 312 1938 si
323 1873 383 1943 tibi
397 1871 555 1957 ipsinihil
568 1872 676 1953 deest,
685 1872 774 1955 quod
788 1871 821 1934 in
845 1871 1029 1937 forensibus
1056 1875 1154 1938 rebus

39 2010 45 2019 ·
143 1992 358 2074 civilibusque
375 2004 535 2076 versetur,
559 1988 638 2071 quin
671 1989 778 2064 scias3
812 2011 917 2073 neque
944 2013 1018 2056 eam
1043 2007 1156 2057 tamen

143 2106 326 2187 scientiam,
338 2127 438 2196 quam
450 2105 752 2191 adjungisoratori,
768 2110 956 2193 complexus
970 2135 1004 2177 es
1021 2139 1029 2187 3
1043 2113 1155 2190 videa·

110 2277 115 2283 .
142 2247 278 2317 ιιιιιεχηε
289 2227 362 2311 plus
375 2226 406 2290 ei
416 2225 552 2305 tribuas,
566 2245 664 2307 quam
678 2245 730 2293 res
745 2239 778 2287 et
801 2228 922 2291 veritas
947 2232 1017 2312 ipsa
1045 2256 1158 2301 conce.

142 2354 209 2418 dat.
255 2350 321 2414 Hic
336 2349 486 2428 Crassus,
501 2348 685 2424 Memento,
698 2346 815 2428 inquit,
837 2367 890 2407 me
916 2369 982 2410 non
1004 2352 1045 2413 de
1069 2373 1156 2433 mea,

146 2474 204 2539 sed
215 2474 256 2537 de
271 2469 409 2536 oratoris
422 2468 574 2535 facultate
586 2468 721 2533 dixisse.
767 2466 859 2543 Quid
870 2469 958 2532 enim
971 2492 1030 2535 nos
1043 2446 1158 2537 antdi-

144 2569 298 2668 dicimus,
312 2604 367 2653 aut
380 2592 463 2651 scire
477 2592 655 2671 potuimus,
667 2589 723 2676 qni
733 2592 860 2654 antemi
868 2591 1042 2674 agendum,
1054 2613 1153 2677 quarn

145 2716 189 2782 nd
227 2705 498 2800 cognoscendumx
522 2709 673 2775 venimus
683 2736 698 2782 v;
734 2735 816 2791 quos
845 2714 879 2777 in
904 2715 990 2798 foro,
1016 2740 1095 2801 quos
1123 2718 1157 2780 in

145 2832 333 2911 ambitione,
345 2850 426 2914 quos
435 2830 469 2891 in
479 2828 669 2912 Republica,
684 2852 766 2911 qnos
780 2831 814 2893 in
827 2835 1010 2910 amicorum
1018 2840 1159 2924 negotiis

145 2979 197 3020 res
213 2956 368 3048 ipsavante
381 2951 533 3029 confecit,
547 2970 646 3031 quam
659 2970 829 3033 possemus
849 2953 973 3035 aliquid
994 2958 1035 3019 de
1048 2963 1158 3046 rebus

147 3085 247 3150 tantis
258 3080 444 3167 suspicari?
469 3078 570 3153 Quod
583 3077 610 3139 si
623 3077 683 3140 tibi
696 3090 822 3141 tantum
848 3078 883 3140 in
907 3080 1001 3142 nobis
1026 3083 1158 3148 videtur

147 3232 233 3288 esse,
247 3209 378 3291 quibus,
389 3203 519 3268 etiamsi
533 3199 699 3289 ingenium
715 3211 767 3295 (ut
789 3220 826 3270 tu
847 3205 956 3290 putas)
979 3227 1045 3270 non
1067 3231 1157 3292 man-

147 3335 213 3396 ime
228 3330 345 3408 defuit,
362 3331 512 3392 doctrina
538 3341 625 3389 certe
650 3341 683 3391 et
709 3329 815 3394 otium
841 3342 874 3392 et
898 3329 1029 3419 hercule
1056 3335 1160 3398 etiam
1259 3322 1275 3403 ,¹
1359 3347 1361 3352 '

46 3509 47 3512 η
146 3459 295 3524 studium
306 3458 386 3521 illud
402 3455 551 3522 discendi
564 3455 762 3518 acerrimum
775 3455 880 3519 defuit
894 3483 904 3531 ;
929 3458 1010 3548 quid
1035 3481 1159 3540 censes,

50 3582 66 3593 ‘
148 3576 176 3641 si
191 3577 233 3639 ad
244 3576 381 3661 alicujus
395 3573 562 3660 ingenium
573 3572 626 3635 vel
635 3573 740 3659 majus
751 3571 890 3653 illa,qnae
903 3594 965 3657 ego
975 3596 1041 3640 non
1052 3576 1159 3661 attigi,

150 3695 370 3760 accesserint?
393 3694 525 3777 qualem
538 3694 642 3772 ilium,
655 3706 689 3756 et
708 3703 865 3774 quantum
888 3707 1049 3760 oratorem
1070 3696 1160 3759 futu-

150 3839 224 3883 rum
239 3818 251 3879 ἰ

994 3893 1164 3977 ixvnt
1244 3873 1249 3882 ’

179 4151 193 4179 ³⁸
207 4145 462 4199 Cicero’smordinate
482 4148 537 4210 love
549 4148 579 4198 of
604 4147 825 4216 praiseprompted
835 4148 890 4199 him
899 4155 926 4197 to
946 4117 1010 4198 seize
1027 4160 1100 4214 every
1122 4161 1164 4218 op
1194 4154 1198 4162 '

144 4254 272 4348 *Pfftunstt’
283 4264 310 4305 1⁰
319 4263 418 4322 ponray
427 4252 533 4308 himself
540 4270 569 4309 as
580 4270 613 4308 an
623 4267 716 4307 oraton>
