2742 4950
504 353 794 423 'Lrnnn'L
836 364 900 421 ²51.
946 341 951 357 ⁶
1144 364 1200 423 ‘91

177 524 349 592 e'uoldrist
368 525 467 607 'Quin
481 548 556 592 cum
570 539 706 591 caeteros
720 525 903 589 animorum
916 539 1026 589 motus
1039 535 1096 588 sut
1111 522 1204 610 judi·

103 652 108 657 ’
174 651 287 715 acibus
301 665 356 715 aut
373 651 494 737 populo
507 652 647 716 dicendo
661 652 801 715 miscere
825 665 921 735 atque
944 650 1069 735 agitare
1093 648 1205 727 vellet,

176 793 232 836 ea
253 778 352 859 dixit,
374 801 446 862 quae
468 800 488 843 a
510 776 712 863 philosophis
737 776 804 839 dici
828 775 956 838 solent?
980 775 1035 857 qui
1056 775 1204 860 partim*

188 902 328 965 omnino
342 916 451 966 motus
462 914 582 987 negant
595 898 629 962 in
637 898 755 962 animis
765 898 849 961 ullos
859 919 930 961 esse
940 899 1069 977 debere,
1082 899 1203 982 quique

182 1041 247 1086 eos
268 1024 467 1111 in'judicum
480 1025 643 1090 mentibus
658 1021 836 1097 concitent,
854 1019 963 1080 scelus
975 1039 1032 1081 eos
1043 1018 1204 1080 nefarium

183 1146 322 1217 facere:
359 1154 492 1239 partim,
517 1152 576 1232 qui
598 1147 835 1218 tolerabiliores
858 1148 972 1210 volunt
997 1167 1079 1223 esse,
1105 1157 1138 1209 et
1162 1144 1204 1209 ‘nd

172 1275 371 1337 ·veritatem
395 1275 472 1337 vitae
497 1271 647 1356 proprius
679 1272 846 1350 accedere,
890 1290 948 1355 per
973 1269 1156 1333 mediocres
1169 1286 1206 1334 κ

189 1392 307 1473 potius
332 1392 422 1454 leves
444 1403 551 1453 motus
566 1390 685 1452 debere
702 1410 774 1453 esse
790 1391 913 1454 dieunt.
960 1391 1082 1453 Orator
1094 1401 1202 1452 autem

187 1510 303 1573 omnia
314 1510 396 1589 haec,
408 1529 480 1592 quae
495 1523 651 1593 putantur
659 1509 693 1570 in
707 1510 870 1572 communi
882 1510 956 1573 vitae
969 1508 1202 1574 consuetudine

187 1632 278 1694 mala
290 1654 327 1696 ac
341 1632 492 1712 molesta,
506 1646 541 1695 et
554 1632 723 1716 fugienda,
736 1631 840 1694 multo
854 1634 980 1719 majora
992 1647 1026 1697 et
1038 1635 1205 1699 acerbiora

182 1749 294 1812 verbis
307 1750 410 1825 facit;
434 1748 582 1832 itemque
604 1771 655 1828 ea,
684 1771 755 1833 quae
781 1751 882 1836 vulgo
903 1756 1084 1837 expetenda
1106 1766 1204 1834 atque

187 1868 544 1950 optabilia‘ridentur,
578 1869 722 1934 dicendo
757 1872 936 1955 amplificat
961 1886 1059 1954 atque
1085 1884 1203 1946 ornat3

185 1991 379 2074 nequevult
385 1991 432 2054 ita
440 1991 566 2074 sapiens
576 1991 662 2057 inter
673 1991 791 2055 smltos
797 1993 917 2074 videri,
929 1994 1048 2077 uti‚qui
1059 1995 1202 2076 audiant,

186 2130 243 2179 aut
259 2118 354 2181 illum
370 2118 517 2201 ineptum
538 2130 571 2181 et
592 2118 781 2182 Graeculum
805 2133 932 2203 putent,
959 2134 1025 2199 aut,
1048 2121 1148 2186 etiam
1172 2124 1201 2187 si

188 2238 288 2301 valde
299 2242 435 2325 probent
443 2240 610 2326 ingenium
623 2244 981 2330 oratoris‚'sapientiam
989 2234 1201 2325 admirentur,

188 2388 223 2429 se
236 2388 309 2432 esse
320 2367 436 2431 stultos
458 2369 598 2434 moleste
622 2370 748 2435 ferant:
772 2373 831 2438 sed
844 2373 891 2437 ita
901 2390 1050 2462 peragrat
1062 2398 1120 2460 per
1133 2378 1201 2441 ani·

187 2512 261 2556 mos
274 2492 458 2571 hominum,
478 2495 526 2558 ita
538 2515 653 2557 sensus
666 2510 856 2577 mentesque
869 2507 1056 2584 pertractat
1078 2517 1114 2567 ut
1134 2523 1201 2566 non

168 2613 356 2681 ⁴desideret
368 2615 644 2698 philosophorum
658 2615 902 2701 descriptiones,
925 2646 1029 2710 neque
1050 2629 1202 2714 exquirat

291 2837 310 2872 q
1030 2756 1197 2836 oratione,

200 2980 226 3008 ‘l'
237 2976 390 3047 Qipnrttbn
399 2985 492 3034 mnino
502 2994 579 3036 motus
589 2997 673 3053 negant
682 2990 707 3039 t’n
724 2995 943 3048 nemetensem
961 2996 1049 3056 debere,
1067 3002 1147 3064 quique
1165 3021 1203 3055 eu

177 3085 204 3136 in
202 3081 318 3153 judicum
328 3085 445 3137 eruentibus
454 3089 568 3148 concitent,
579 3089 652 3141 scelus
663 3107 701 3141 σοι
711 3091 834 3160 nefarium
831 3096 924 3163 facere.
967 3100 1046 3147 Some
1066 3102 1096 3148 of
1111 3107 1201 3157 whom

177 3163 215 3248 (i'.
177 3184 291 3254 ose
291 3187 329 3238 the
333 3187 503 3257 phelotophert
492 3193 559 3257 )say
568 3195 624 3243 that
635 3194 719 3242 men’s
740 3195 824 3246 miuds
834 3200 911 3262 ought
922 3209 966 3247 not
976 3210 1002 3247 to
1010 3202 1040 3250 be
1059 3207 1204 3271 susceptible

179 3288 212 3336 of
218 3304 266 3353 any
276 3296 408 3353 emotions,
418 3296 468 3346 and
477 3299 533 3347 thet
544 3300 611 3362 they,
621 3300 698 3350 who
692 3314 718 3348 m
726 3299 843 3369 plesding
851 3305 926 3354 touch
935 3307 978 3355 the
988 3308 1102 3373 passions
1110 3309 1141 3359 of
1160 3313 1203 3364 the

175 3390 280 3458 judges,
290 3412 332 3445 are
341 3399 416 3462 guilty
428 3401 458 3450 of
463 3418 479 3451 a
488 3371 620 3456 detesteble
630 3408 745 3471 practice

215 3494 247 3542 ln
256 3498 297 3547 the
306 3498 440 3566 latterpart
450 3503 482 3552 of
488 3506 530 3554 the
545 3517 666 3569 sentence,
676 3508 778 3558 dtcunt
771 3526 792 3560 ιε
802 3511 968 3565 understood:
989 3532 1023 3566 sc.
1034 3516 1119 3569 dicunt
1129 3521 1201 3573 scelte

179 3615 217 3651 roe
227 3603 347 3673 ensentium
346 3605 440 3674 facere.

214 3701 301 3755 When
311 3724 327 3756 a
335 3712 450 3773 negative
458 3715 519 3763 verb
527 3731 611 3766 oenus
621 3719 647 3768 in
656 3720 699 3769 the
708 3720 842 3787 beginning
852 3721 883 3773 of
906 3739 922 3771 a
940 3735 1062 3787 sentence,
1084 3744 1117 3779 ²11
1136 3733 1200 3788 effit-

161 3816 162 3819 ’
180 3805 275 3856 marive
284 3803 352 3870 verbe
364 3827 392 3860 or
400 3829 446 3864 one
456 3819 598 3871 contrasted
606 3822 670 3872 with
681 3825 724 3873 the
733 3823 836 3885 former,
847 3827 869 3875 is
886 3826 1024 3897 frequently
1042 3832 1197 3899 understood·

160 3936 165 3942 -
178 3908 231 3960 and
241 3914 387 3964 sometimes
395 3920 535 3982 expressed,
547 3932 573 3972 at
582 3925 626 3974 the
635 3924 691 3974 end

212 4014 284 4069 Thus
292 4018 356 4068 Hor.
368 4020 420 4071 Sat.
430 4020 453 4071 1.
467 4021 498 4071 of
504 4024 577 4075 Book
587 4028 608 4078 1.

384 4117 438 4182 Qti
445 4119 476 4168 fit
483 4123 618 4182 Maecenas,
631 4134 658 4175 ut
669 4139 753 4187 nemo,
763 4143 839 4194 quam
847 4132 894 4183 sibi
903 4147 996 4191 sortem

382 4218 505 4268 Seuratio
515 4220 616 4281 dederit,
629 4240 672 4274 seu
681 4223 734 4275 fors
745 4228 866 4295 objecerit,
876 4235 918 4284 illa

378 4320 618 4381 contentusvivat:
637 4329 976 4409 undetdivermequenesr
