2742 4950
212 386 278 443 178·
495 368 570 433 Dm
616 367 928 443 Gauron-n-

205 544 262 609 illa
272 560 391 606 caussa.
438 536 523 598 Cum
537 531 640 610 enim,
653 531 931 615 quemadmodum
943 531 1142 615 dixistiffiibi
1155 555 1216 619 ego·

206 688 272 731 nou
279 657 457 747 judicium,
472 659 532 721 sed
558 654 747 718 incendium
761 653 984 731 tradidissem,
1008 657 1103 739 quod⁸
1125 669 1216 721 tuum

202 785 410 875 principium,
418 782 466 847 dii
480 779 693 857 immortales,
707 777 794 841 fuiti
819 777 874 861 qui
890 778 991 843 timor
1004 781 1016 857 ζ
1040 803 1117 864 quae,
1125 779 1223 863 dubis

198 908 303 975 tatio?
338 918 460 989 quauta
481 901 643 985 haesitatio
666 913 857 983 tractusque
883 902 1081 969 verborum?
1108 906 1161 975 Ut
1173 913 1235 991 ⁴tn·

199 1029 284 1093 illud
296 1027 404 1101 initio,
418 1026 507 1108 quod
515 1022 577 1086 tibi
603 1044 705 1118 unum
725 1023 768 1089 ad
792 1021 1033 1107 ignoscendum
1061 1023 1218 1089 homines

201 1153 333 1230 dabant,
345 1149 492 1227 tenuisti,
506 1147 556 1210 Te
566 1164 626 1231 pro
640 1144 772 1210 homine
785 1124 1036 1230 pernecessario,
1048 1150 1216 1231 quaesture

198 1290 270 1354 tuo,
283 1271 418 1337 dicere?
443 1267 609 1351 quamtibi
630 1268 775 1351 primum
800 1267 935 1331 munisti
955 1270 997 1331 ad
1021 1283 1052 1332 te
1079 1267 1217 1353 audieng

199 1396 280 1461 dum
294 1393 393 1457 viam.
441 1389 527 1473 Ecce
540 1401 661 1465 autem,
675 1402 793 1469 cumte
817 1388 902 1455 nihil
920 1387 1017 1467 ¹aliud
1036 1382 1217 1473 profetiam

199 1514 385 1590 arbitrarer,
395 1509 459 1572 nisi
474 1523 510 1570 ut
520 1506 670 1570 homiues
683 1506 755 1587 tibi,
767 1486 876 1569 civem
887 1506 1074 1590 improbum
1104 1504 1218 1589 desem

196 1631 299 1709 denti,
313 1629 551 1714 ignoscendum
560 1639 695 1706 propter
717 1627 999 1693 necessitudinem
1017 1624 1224 1709 arbitrarem-

197 1769 263 1831 tur,
273 1770 401 1835 serpere
410 1745 535 1810 occulte
550 1743 689 1828 coepisti,
708 1744 790 1807 nihil
814 1747 896 1809 dum
917 1747 989 1809 aliis
1017 1748 1224 1835 suspicantis

197 1885 270 1960 bus,
283 1901 336 1942 me
349 1896 430 1940 vero
438 1868 825 1961 jampcrtimescente5ut
847 1868 938 1933 iliam
963 1891 1032 1951 non,
1060 1872 1218 1959 Norbani

198 2004 408 2079 seditionem,
417 1998 476 2062 sed
486 1994 597 2080 populi
607 1992 750 2057 Romani
766 1992 983 2074 iracundiam,
1005 2019 1113 2080 neque
1139 2018 1218 2083 eam

195 2124 361 2205 injustam,
387 2120 446 2179 sed
468 2117 621 2179 meritam
648 2140 686 2180 ac
709 2116 854 2182 debitam
876 2114 979 2185 fuisse
1006 2120 1216 2213 defenderes,

196 2243 341 2318 Deinde,
353 2237 409 2321 qui
422 2235 514 2299 locus
527 2239 584 2299 abs
598 2252 629 2302 te
637 2240 878 2329 praetermissus
887 2255 938 2305 est
951 2244 986 2306 in
997 2245 1188 2333 &pionem
1200 2249 1213 2313 Β

195 2378 247 2445 Ut
258 2384 295 2433 tu
306 2367 362 2431 ina
374 2361 486 2426 omnia
495 2360 585 2439 odio,
604 2359 741 2434 invidia,
769 2364 1000 2429 misericordia
1023 2372 1190 2443 miscuisti
1203 2373 1215 2461 ζ

198 2519 305 2581 neque
318 2490 509 2556 haecsolum
521 2488 556 2550 in
571 2485 770 2565 defensione,
783 2487 955 2552 sedetiam
969 2491 1003 2551 in
1018 2493 1220 2580 Scaurocaey

194 2617 341 2699 terisque
356 2611 440 2675 meis
452 2608 602 2682 testibus,
614 2628 754 2690 quorum
767 2608 966 2694 testimonia,
979 2631 1048 2674 non
1059 2613 1219 2679 refellen-v

195 2743 251 2818 dn,
264 2736 324 2803 sed
337 2737 380 2799 ad
402 2729 545 2795 eundem
556 2731 718 2814 impetum
728 2728 843 2816 populi
868 2732 1105 2819 confugiendo,
1124 2739 1212 2804 refu.

194 2860 283 2925 tasti.
328 2857 413 2931 Quae
428 2874 504 2934 cum
516 2853 572 2915 abs
585 2865 618 2914 te
633 2856 732 2917 modo
744 2869 1095 2937 commemorarentur,
1122 2860 1210 2942 equi.

156 3027 157 3030 *
195 2986 271 3052 dem
291 2979 381 3045 nulla
399 2990 562 3063 praecepta
585 2976 841 3043 desiderabam:
871 2978 967 3041 istam
993 2983 1085 3046 enim
1108 2985 1212 3070 ipsam

196 3092 755 3183 demonstrationemdefensionum
768 3114 900 3163 tuarum
914 3101 969 3164 abs
990 3102 1100 3187 teipso
1124 3128 1210 3171 com·

157 3253 159 3264 ·
194 3241 422 3307 memoratam,
436 3224 619 3290 doctrinam
632 3245 704 3289 esse
717 3244 783 3286 nou
794 3221 994 3286 mediocrem
1005 3236 1098 3314 Puss0⁸
1146 3226 1208 3288 At.

193 3347 261 3430 qui,
276 3347 303 3407 si
315 3348 361 3409 ita
372 3348 489 3429 placet,
503 3347 609 3427 inquit
621 3348 801 3423 Antonius,
816 3349 983 3412 trademus
997 3347 1112 3428 etiam,
1141 3367 1208 3431 quae
1250 3406 1254 3414 s
1345 3367 1346 3370 ’

195 3486 255 3529 nos
269 3467 362 3549 sequi
384 3465 417 3527 in
440 3465 754 3555 dicend0,‘quaequc
781 3469 925 3533 maxime
956 3483 1103 3552 spectare
1129 3469 1208 3530 sole-

197 3609 294 3651 mus:
315 3590 429 3654 docuit
441 3587 528 3651 enim
535 3589 607 3672 jam
627 3612 688 3654 nos
712 3592 809 3674 longa
834 3591 903 3652 vita
929 3611 1071 3669 ususque
1096 3610 1205 3651 rerum
1290 3597 1294 3605 '

194 3709 424 3788 maximarum,
435 3725 482 3790 ut,
496 3712 613 3795 quibus
625 3715 722 3777 rebus
738 3712 837 3776 animi
850 3709 1023 3773 hominum
1036 3731 1210 3774 moverem

194 3836 259 3900 tur,
272 3837 469 3889 teneremus.

237 4068 250 4147 i
274 4070 335 4134 LI·
353 4069 518 4160 Equidem
532 4078 675 4162 primum
687 4075 891 4142 considerare
907 4076 1010 4154 soleo,
1022 4068 1199 4155 postuletne

191 4212 326 4262 caussa:
350 4221 426 4265 uam
438 4222 542 4285 neque
567 4202 675 4287 paruis
696 4202 731 4265 in
744 4201 840 4267 rebus
854 4197 1048 4266 adhibendae
1071 4204 1145 4256 sunt
1156 4188 1199 4249 hae

1070 4307 1198 4383 dicendi·
