2742 4950
503 426 879 496 Lrsrn1.10.
1153 446 1193 505 ³³

180 594 263 680 jure
274 590 405 658 manum
419 595 634 659 consertum*
650 611 819 675 vocarent,
841 600 930 682 quod
942 601 977 664 in
990 600 1110 668 alienas
1123 627 1197 691 pos.

188 712 346 779 sessiones
371 726 441 777 tam
458 726 582 779 temere
597 714 762 780 irruisses.
809 719 956 806 Agerent
978 724 1066 789 enim
1086 740 1197 792 tecum

140 846 143 865 ²
182 834 255 919 lege
281 836 428 919 primum
455 835 655 920 Pythagorei
682 856 796 902 omnes
822 856 921 925 atque
948 823 1195 920 Democritici}

180 956 358 1040 caeterique
372 956 408 1018 in
421 977 482 1019 suo
494 924 623 1041 physici
637 955 855 1063 vintfiqarent,
878 963 984 1026 ornati
996 963 1146 1030 homines
1160 965 1195 1028 in

181 1074 326 1139 diceudo
349 1087 529 1161 etgraves,
555 1072 754 1157 quibuscum
775 1076 836 1138 tibi
854 1077 947 1161 justo
972 1083 1196 1161 sacramento†

181 1196 380 1263 contendere
404 1218 472 1260 non
496 1196 619 1259 liceret.
660 1180 663 1185 ⁴
689 1200 858 1282 Urgerent
879 1214 1030 1284 preterea
1054 1204 1195 1288 philoso-

182 1312 328 1395 phorum
352 1334 483 1397 greges,
499 1312 570 1396 jam
594 1310 633 1375 ab
658 1308 716 1374 illo
741 1312 829 1378 fonte
849 1329 883 1379 et
906 1317 1010 1401 capite
1038 1320 1192 1386 Socrates

185 1429 274 1495 nihil
297 1442 331 1492 te
352 1431 393 1492 de
414 1430 506 1494 bonis
528 1431 626 1495 rebus
648 1430 683 1494 in
704 1431 784 1512 vita,
807 1434 889 1497 nihil
909 1438 951 1500 de
973 1439 1080 1520 malis,
1111 1441 1195 1507 nihil

185 1546 228 1610 de
254 1546 354 1609 animi
375 1550 656 1632 permotionibus,
682 1551 765 1615 nihil
784 1554 824 1619 de
847 1555 1017 1623 hominum
1037 1562 1195 1644 moribus,

180 1664 264 1729 nihil
277 1667 317 1734 de
326 1637 456 1757 ratione
479 1671 556 1741 vitae
575 1671 746 1753 didicisse,
769 1672 851 1738 nihil
873 1677 1008 1742 omnino
1029 1682 1194 1765 quesisse,

180 1791 264 1855 nihil
275 1793 359 1859 scire
373 1794 606 1860 convincerent
618 1824 627 1873 ;
642 1811 687 1876 et,
701 1820 776 1861 cum
787 1800 931 1865 universi
945 1803 979 1865 in
988 1817 1020 1868 te
1034 1804 1193 1889 impetum

180 1907 347 1993 fecissent,
371 1927 443 1976 tum
469 1914 607 2000 singulae
621 1913 727 1979 famili
779 1916 872 1982 litem
892 1920 954 1982 tibi
975 1922 1191 1988 intenderent.

182 2034 322 2102 instaret
336 2038 542 2122 Academis‡
556 2062 639 2122 quae,
653 2038 814 2121 quicquid
828 2038 980 2122 dixisses,
1001 2043 1036 2107 id
1049 2044 1191 2130 teipsum

180 2158 263 2223 scire
276 2172 416 2242 negaret
430 2182 439 2219 ·.
464 2158 571 2221 Stoici·
581 2178 658 2223 vero
670 2159 776 2223 nostri
790 2159 1047 2246 disputationum
1058 2186 1191 2233 suarum

182 2288 284 2357 atque
309 2277 597 2366 interrogationum
619 2280 747 2363 laqueis
770 2294 804 2343 te
828 2279 990 2348 irretitum
1016 2301 1185 2355 tenerentt

183 2396 393 2484 Peripatetici
405 2415 514 2466 autem
524 2403 625 2468 etiam
633 2405 704 2470 haec
713 2406 793 2506 ipsa,
806 2426 874 2490 quae
883 2408 1016 2491 propria
1022 2424 1192 2481 QratOrum

180 2532 338 2602 putasses,
362 2523 554 2610 adjumenta
567 2540 663 2609 atque
677 2541 869 2593 ornamenta
879 2526 1010 2592 dicendi
1023 2527 1063 2590 ab
1075 2552 1110 2594 se
1123 2534 1191 2617 peti

179 2640 351 2706 vincerent
364 2658 541 2728 oportere3
564 2666 604 2706 ac
626 2667 693 2707 non
716 2649 822 2711 solnm
845 2648 1191 2730 meliorassedetiam

177 2760 392 2844 multoplures
405 2760 617 2828 Aristotelem
629 2764 958 2854 Theophrastumque
967 2771 1009 2835 de
1018 2773 1070 2836 his
1081 2775 1190 2859 rebus,

181 2895 283 2960 qnam
308 2895 418 2943 omnes
444 2855 577 2948 dicendi
592 2887 777 2971 magistros,
786 2886 953 2975 scripsisse
967 2896 1188 2961 ostenderent.

178 2996 306 3061 Missos
331 2996 418 3062 facio
443 3000 998 3092 Mathematicos„Grammaticos‚
1025 3014 1189 3097 Musicos,

157 3119 160 3127 ⁴
178 3144 317 3207 quornm
330 3127 453 3190 artibus
464 3144 577 3194 vestra
586 3132 652 3195 ista
660 3115 792 3201 dicendi
801 3131 851 3204 uis
858 3164 900 3205 ne
908 3140 1046 3205 minima
1054 3140 1188 3222 quidem

121 3302 128 3313 ,
174 3242 334 3306 societate
357 3246 577 3331 conjungitur.
624 3250 848 3324 Quamobrem
872 3261 936 3324 ista
951 3257 1043 3323 tanta
1054 3272 1185 3346 tamque

177 3362 283 3424 multa
293 3363 488 3445 profitenda,
502 3368 634 3450 Crasse,
647 3393 713 3436 non
725 3400 839 3447 senseo
854 3407 863 3446 z
887 3384 965 3448 satis
979 3385 1015 3449 id
1034 3400 1083 3450 est
1096 3407 1185 3471 mag-

499 3489 579 3555 Ἐ
779 3523 783 3528 ’
1094 3515 1295 3585 num,'

177 3633 182 3640 ⁸
205 3658 218 3684 *
237 3660 348 3713 Mamim
358 3676 471 3716 eorum
487 3683 540 3748 qm
556 3672 598 3721 the
608 3672 677 3744 form
695 3677 726 3727 of
738 3681 893 3752 challengmg
906 3695 1029 3752 property,
1048 3686 1189 3749 theperwn

173 3756 232 3807 who
240 3760 346 3812 claimed
356 3766 383 3825 it,
396 3778 422 3817 at
433 3772 475 3820 the
485 3789 555 3824 same
565 3767 626 3827 titne
637 3782 734 3848 saying,
751 3803 837 3840 smum
847 3798 888 3836 est.
1035 3849 1038 3855 ⁵

205 3856 221 3920 †
238 3861 390 3917 Sacramenta
400 3870 527 3923 comedere
543 3889 605 3937 was,
614 3881 690 3932 when
698 3885 861 3952 bothparties
872 3888 898 3936 in
908 3903 924 3938 a
934 3890 982 3940 law
993 3894 1046 3941 suit*
1052 3903 1097 3959 put
1108 3908 1190 3943 asum

174 3956 203 4008 of
209 3954 300 4028 money
312 3966 364 4016 into
372 3971 415 4020 the
424 3975 505 4030 nands
514 3979 546 4047 οἱ
551 3996 566 4029 s
575 3982 659 4049 priest,
683 3997 710 4035 to
720 3988 751 4036 be
762 3967 822 4055 kept
832 3990 863 4053 by
876 3992 932 4043 him
949 3995 1011 4044 until
1028 3998 1071 4047 the
1080 3997 1189 4048 decision

174 4060 203 4110 of
208 4064 249 4113 the
257 4082 344 4132 cause„
357 4076 432 4123 when
441 4078 484 4128 the
493 4077 557 4131 loser
566 4083 682 4142 forfeited
700 4089 743 4137 his
756 4088 856 4157 deposit
873 4105 899 4143 to
909 4096 994 4148 secred
1004 4114 1066 4160 uses,
1084 4096 1134 4149 end
1145 4097 1187 4144 the

174 4168 243 4217 other
252 4173 300 4223 had
308 4177 348 4225 his
359 4179 480 4256 returned.

204 4270 219 4340 l
237 4273 293 4325 The
302 4255 454 4334 Academici
463 4301 537 4347 were,
550 4292 682 4359 generally,
693 4300 805 4363 sceptics,
823 4303 882 4351 who
899 4304 1051 4357 endeavored
1061 4316 1087 4354 to
1098 4304 1187 4369 puzzlc

174 4376 237 4427 Μ
246 4384 407 4448 ⁸¹¹¹³801¹i³t⁸2
420 4386 450 4452 by
462 4388 571 4456 denying
580 4407 651 4461 every
663 4399 742 4464 thing,
761 4403 804 4452 but
815 4383 870 4456 that
880 4409 937 4470 they
951 4406 1024 4459 knew
1036 4410 1150 4488 nothing,
