2742 4950
139 366 201 431 143
417 356 492 424 Dr
549 356 855 423 oneror-r

184 529 366 610 txxvu.
412 527 479 591 see
497 527 570 611 jam
592 526 633 589 aa
653 524 839 588 naamam
862 537 1009 589 revertar
1023 544 1166 589 meum·
1261 566 1263 569 .
1301 504 1366 621 ’.

140 657 225 720 Cum
246 653 346 737 igitur
358 667 492 736 accepto
506 675 627 741 caussae
640 661 760 736 genere
779 662 814 712 et
827 649 960 733 coyaito
982 670 1056 715 rem
1071 662 1173 717 trac-¹
1324 635 1326 666 ³
1365 625 1366 628 Ἴ

139 800 205 848 tare
219 779 309 863 coepi,
334 779 418 842 nihil
430 779 522 864 prins
537 779 713 856 constituo,
737 797 847 860 quarn,
872 775 966 850 Quid
981 776 1031 839 ,sit
1057 775 1175 855 illud,
1268 764 1280 807 ’Ὗ
1297 780 1309 862 j

142 923 206 983 quo
221 900 304 967 mriri
318 907 491 971 referenda
503 906 546 969 sit
558 904 665 966 omnis
678 901 735 964 illa
747 901 864 981 oratio,
876 922 949 984 quae
959 901 1003 963 sit
1019 899 1176 985 propria

142 1025 336 1105 quaestionis
363 1042 396 1092 et
414 1028 558 1113 judicia
580 1026 698 1091 aetnae
722 1024 778 1087 rua
800 1025 869 1086 nuo
894 1022 1170 1107 trigeminae

139 1149 313 1212 considero
328 1170 347 1224 ς4
371 1171 512 1233 quorum
535 1152 674 1216 aiterum
702 1139 1023 1211 commendationem
1051 1145 1178 1225 habet

139 1285 296 1351 nostram,
320 1286 376 1335 aut
401 1293 527 1349 eorum,
554 1295 636 1355 quos
670 1270 901 1344 defendimus5
938 1270 1080 1332 alterum
1107 1281 1176 1330 ,est

140 1397 423 1458 accommodatum
437 1396 479 1458 ad
493 1414 607 1458 eorum
620 1394 759 1472 animos,
787 1395 875 1476 apud
897 1414 982 1474 quos
1004 1391 1177 1469 dicimus,

137 1513 239 1591 adid,
264 1518 354 1597 quod
376 1518 540 1596 volumus,
566 1518 832 1582 commovendos.
881 1514 933 1579 Ita
945 1516 1054 1579 omnis
1071 1516 1173 1578 ratio

113 1662 115 1668 ·
137 1634 268 1697 dicendi
295 1638 400 1700 tribus
426 1641 468 1703 ad
493 1640 759 1723 persuadendum
789 1640 885 1701 rebus
910 1651 962 1699 est
984 1638 1088 1710 nixa3
1128 1653 1173 1721 ut

136 1754 311 1837 probemus
330 1777 409 1820 vera
432 1781 503 1821 esse
526 1780 577 1838 ea,
603 1779 676 1840 quae
697 1755 927 1829 defendimus3
950 1769 988 1818 ut
999 1755 1175 1818 consiiia-

140 1901 215 1943 mus
241 1880 337 1943 nobis
363 1903 432 1960 eos,
457 1881 513 1979 qui
538 1881 699 1955 audiunt;
731 1895 769 1943 ut
790 1881 916 1944 arrimos
948 1901 1080 1961 eorum,
1120 1883 1172 1945 ad

140 2025 379 2086 quemcumque
391 2026 509 2068 caussa
521 2004 700 2088 postulabit
712 2017 849 2082 motum,
862 1982 1032 2067 vocemus.
1072 2003 1171 2067 Ad*
1240 2041 1243 2048 =

135 2120 342 2202 probandum
356 2132 466 2182 autem
481 2122 602 2201 duplex
616 2136 667 2183 est
679 2124 802 2185 oratori
817 2124 963 2208 subjecta
974 2123 1140 2187 materies
1157 2144 1166 2185 t

39 2278 41 2285 ·
137 2260 203 2302 una
214 2260 325 2304 earum
336 2259 460 2315 rerum,
472 2257 543 2320 quae
556 2260 622 2301 non
635 2245 866 2327 excogitantur
877 2248 917 2307 ab
930 2260 1075 2326 oratore,
1096 2247 1167 2311 sed

138 2358 174 2422 in
186 2380 222 2421 re
235 2359 352 2443 positae
364 2359 489 2422 ratione
503 2369 683 2420 tractantur
698 2338 719 2431 ςΙ
732 2367 769 2419 ut
791 2361 923 2438 tabuiae,
942 2364 1169 2445 testimonia,
1188 2402 1190 2407 ·

139 2495 246 2564 pacta,
260 2493 430 2559 conventa,
443 2478 650 2562 quaestiones,
662 2478 767 2561 leges,
783 2482 1082 2560 senatusconsulta,
1107 2504 1167 2547 res

136 2575 458 2690 judicatae,⁶decreta,
472 2619 638 2681 responsa,
653 2610 686 2659 et
697 2596 962 2682 retiquasiuua
976 2614 1065 2679 sunt,
1089 2623 1167 2684 quse

140 2701 611 2807 nonreperiunturaboiatore',
621 2722 679 2784 sed
690 2722 733 2797 ad
741 2735 905 2785 oratorem
914 2740 1166 2810 acaussaatque

141 2868 161 2909 a
170 2846 235 2908 reis
249 2843 459 2907 deferuntur:
485 2843 586 2912 altera
598 2857 660 2921 est,
674 2865 749 2927 quae
764 2856 833 2907 tota
846 2844 883 2908 in
893 2845 1126 2929 disputatione
1137 2866 1174 2920 et

141 2968 422 3056 argumentatione
444 2969 584 3031 oratoris
599 2969 757 3042 collocata
767 2983 829 3033 est.
852 3047 854 3051 Α
876 2970 930 3034 ita
940 2970 977 3031 in
992 2977 1168 3055 superiore

142 3116 262 3181 genere
276 3094 318 3159 de
331 3094 509 3158 tractandis
518 3094 737 3178 argumentis,
751 3093 785 3155 in
797 3093 860 3155 hoc
874 3107 984 3156 autem
1000 3095 1104 3158 etiam
1122 3100 1167 3162 de

142 3220 350 3286 inveniendis
375 3219 586 3303 cogitandum
611 3235 671 3283 est.
719 3218 830 3301 Atque
846 3216 899 3281 isti
927 3218 1077 3300 quidem,
1104 3218 1166 3301 qui

143 3346 273 3419 docent,
288 3362 365 3402 cnm
377 3360 507 3402 caussas
522 3341 555 3400 in
568 3340 661 3421 plura
674 3362 796 3425 genera
809 3354 994 3422 secuerunt,
1017 3343 1165 3429 singuiis

143 3466 316 3554 generibus
334 3475 600 3549 argumentorum
615 3459 743 3550 copiam
757 3481 960 3551 suggerunt:
985 3469 1074 3549 quod
1095 3470 1161 3528 eti-

143 3598 228 3659 amsi
250 3597 292 3659 ad
314 3592 531 3657 instituendos
554 3591 811 3655 adolescentulos
825 3591 931 3674 magis
958 3602 1069 3671 aptum
1095 3602 1165 3664 est,

144 3730 192 3792 ut,
205 3711 305 3777 simui
317 3735 353 3775 ac
366 3712 473 3795 posita
487 3710 531 3774 sit
545 3734 670 3791 caussa,
693 3712 845 3787 habeant,
868 3731 933 3810 quo
948 3729 981 3770 se
1002 3706 1164 3790 referant,

145 3836 232 3902 unde
253 3821 367 3898 statim
394 3836 547 3919 expedita
573 3836 698 3921 possint
723 3845 916 3919 argumenta
939 3833 1135 3916 depromere
1151 3856 1164 3893 a

1046 3966 1159 4016 tamen

173 4204 186 4232 ²
204 4203 392 4273 reprobandum
402 4220 484 4281 autem
494 4210 577 4278 deplex
587 4222 621 4260 err
629 4212 715 4260 oram
725 4208 826 4277 tuderto
835 4212 956 4262 materies.
992 4210 1033 4258 To
1051 4219 1127 4274 prove
1150 4212 1165 4246 ²

140 4302 219 4367 point,
230 4316 282 4358 two
291 4308 407 4359 methods
416 4326 458 4361 are
467 4310 628 4379 presentedto
638 4326 670 4359 an
680 4319 769 4362 orator.
842 4371 845 4374 Ι
