2742 4950
179 365 246 422 294
459 351 889 416 Dausaron:

180 522 308 600 enim*
337 541 403 586 non
427 516 674 603 defatigationis
695 523 825 598 nostre,
850 538 958 602 neque
980 517 1189 588 librar-iorem

156 661 163 676 ¹
178 641 277 718 notis,
291 641 350 704 sed
360 639 539 704 verborum
551 651 584 703 et
596 639 829 702 sententiarum
841 638 956 719 modo,
970 640 1195 730 interpunctas

180 756 337 837 elutum
358 756 394 819 in
407 754 614 820 orationibus
626 778 698 820 ease
709 756 903 831 voluerunt;
924 755 1027 840 idque
1038 757 1193 841 princepa

177 881 344 952 leonastes
355 880 535 946 instituisse
557 878 671 959 lemur,
694 893 732 944 ut
755 879 956 944 inconditam
979 880 1197 962 antiquorum

177 1007 312 1075 dicendi
324 1008 604 1088 consuetudinem,
616 994 844 1072 delcetationie
853 1021 950 1090 atque
965 1006 1095 1070 aurium
1103 1025 1195 1069 cans-

180 1153 218 1197 su
240 1131 534 1223 (quemadmodum
555 1128 666 1194 scribit
692 1129 873 1214 ‘discipulus
886 1132 957 1217 ejus
977 1129 1194 1211 Naucraten)

179 1252 326 1315 numeris
351 1251 580 1336 adstringeret.
639 1251 796 1334 Namque
819 1251 889 1314 nec
913 1249 979 1315 duo
997 1249 1198 1332 musici,qui

180 1390 272 1440 erant
285 1376 450 1460 quondam
475 1374 577 1440 iidem
596 1390 712 1461 poete,
737 1375 916 1439 machinati
940 1380 981 1442 ad
995 1376 1195 1460 voluptatem

176 1507 265 1572 sunt,
278 1515 409 1558 versum
425 1507 520 1582 atque
536 1508 668 1558 cantum
681 1523 690 1571 ς
713 1509 762 1574 ut,
773 1508 806 1560 et
816 1496 994 1559 verborum
1007 1515 1146 1560 numero
1161 1506 1195 1556 et

175 1628 296 1700 vocum.
309 1611 422 1686 modo,
433 1611 650 1680 delectatione
664 1612 834 1678 vincerent
847 1618 978 1678 aurium
993 1620 1193 1680 satietatem.

177 1725 260 1790 Hau
272 1717 374 1807 igitur
384 1726 466 1800 dun,
482 1723 940 1793 vonisdlonmoderntionem
964 1744 998 1795 et
1009 1728 1194 1791 verborum
1223 1742 1226 1748 '

180 1837 437 1918 conclusionem,
461 1839 572 1920 quoad
594 1840 752 1903 orationis
776 1847 932 1910 severitas
953 1849 1020 1931 pati
1035 1847 1152 1931 possit,
1177 1868 1200 1909 a

179 1960 310 2046 poetica
332 1960 374 2024 ad
398 1960 618 2043 eloquentiam
638 1964 842 2028 traducenda
853 1965 1029 2031 duxerunt.
1055 1968 1114 2056 *In
1127 1989 1198 2049 quo

180 2081 262 2143 illud
273 2093 323 2141 est
336 2081 388 2144 vel
402 2080 597 2161 maximum,
622 2085 724 2166 quod,
748 2104 864 2148 versus
878 2086 913 2149 in
929 2086 1074 2149 oratione
1090 2085 1119 2147 si
1133 2085 1199 2147 effi·

178 2205 263 2269 citur
276 2201 503 2288 nonjunetione
518 2211 709 2293 verborum,
723 2214 843 2278 vitium
854 2230 905 2281 est
917 2241 927 2292 3
951 2229 985 2280 et
997 2229 1107 2279 tamen
1120 2225 1197 2279 eam

181 2325 457 2414 conjunctionem,
470 2326 570 2390 sicuti
579 2349 724 2409 versum,
747 2355 923 2402 numerose
938 2339 1057 2401 cadere
1071 2351 1104 2401 et
1116 2352 1197 2418 qua-

180 2449 276 2514 drare
291 2444 450 2530 etperfici
463 2445 634 2511 volumus:
658 2469 767 2533 neque
779 2464 882 2516 estex
904 2455 1020 2516 multis
1041 2478 1095 2519 res
1120 2473 1206 2534 una,¹

166 2546 255 2653 ¹qun
281 2568 387 2655 magis
420 2582 585 2643 oratorem
611 2570 651 2635 ab
675 2572 829 2658 imperito
855 2572 989 2639 dicendi
1014 2576 1199 2660 ignaroque

184 2692 378 2779 distinguat,
388 2710 489 2777 quam
502 2690 592 2773 quod
604 2689 658 2756 ille
669 2694 762 2758 rudis
774 2694 939 2761 incondite
953 2697 1073 2773 fundit,
1098 2719 1201 2781 quan·

183 2822 255 2872 tum
263 2821 383 2891 potest,
393 2807 480 2885 etid,
493 2806 582 2889 quod
591 2805 686 2882 dicit,
695 2809 824 2894 spiritu,
832 2832 898 2874 non
906 2825 975 2876 arte
984 2813 1200 2889 determirrat3
1251 2792 1254 2796 ’

183 2928 1052 3013 oratonautetnsiuilligetsententiamverbis,uteam
1061 2951 1202 2998 numero

185 3054 328 3137 quodam
342 3051 576 3136 complectatur
589 3064 623 3114 et
635 3052 792 3116 adstricto
806 3068 841 3118 et
853 3056 982 3120 soluto:
1008 3076 1096 3135 nam,
1121 3074 1199 3119 cum

184 3177 292 3242 vinxit
305 3174 474 3244 modiset
494 3172 613 3254 forma,
636 3176 761 3241 relaxat
785 3190 819 3240 et
840 3177 956 3243 liberat
970 3175 1201 3242 immutatione

187 3288 326 3366 ordinis,
352 3300 389 3349 ut
401 3287 501 3351 verba
513 3308 619 3371 neque
633 3289 767 3373 alligata
788 3290 854 3353 sint
874 3291 968 3373 quasi
989 3304 1080 3355 certa
1091 3289 1203 3372 aliqua

186 3413 260 3499 lege
274 3430 403 3489 versus,
423 3422 530 3491 neque
542 3407 591 3471 ita
601 3407 723 3487 solute,
736 3422 773 3474 ut
785 3425 958 3495 vagentur.
969 3418 972 3425 '

230 3625 244 3702 l
260 3621 369 3727 xI3V.
415 3618 570 3696 Quonam
583 3614 685 3700 igitur
693 3620 793 3685 modo
801 3631 930 3682 tantum
940 3604 1059 3703 munus
1071 3615 1202 3680 insiste-

169 3800 174 3805 .
186 3764 272 3822 mus,
284 3754 321 3804 ut
334 3738 529 3811 arbitremur
541 3756 601 3799 nos
614 3736 698 3800 hanc
710 3738 779 3802 vim
791 3757 966 3821 numerose
978 3734 1112 3800 dicendi
1123 3754 1201 3799 con·

186 3862 277 3947 sequi
291 3881 385 3946 posse
398 3858 409 3922 ἓ
439 3856 519 3919 Non
530 3872 591 3937 ¹est
603 3880 655 3923 res
669 3874 738 3923 tam
752 3857 905 3936 difficilis,
927 3874 1027 3937 quam
1053 3876 1203 3919 necessa·

1125 3993 1177 4037 na
1191 3997 1201 4036 ι

214 4191 226 4219 '
238 4189 433 4258 Intrepirotionie
453 4192 520 4241 enim
530 4207 537 4245 ;
558 4202 592 4238 sc.
603 4200 699 4248 caussa,
710 4186 794 4239 which
805 4186 827 4238 is
838 4185 974 4254 expassod
984 4181 1096 4235 towards
1107 4185 1149 4233 the
1157 4179 1207 4233 end

182 4296 303 4338 sentence.
