2742 4950
221 399 283 457 1³4
506 388 931 454 Duonnnonn
1010 370 1013 381 ’

219 559 285 625 Sed
294 556 416 627 videto,
430 574 470 615 ne
483 551 518 615 in
534 555 605 617 istis
620 552 744 619 duobus
769 556 940 641 generibus
960 556 1068 640 hydra
1094 559 1157 621 tibi
1179 558 1223 620 nit
1306 598 1308 604 -
1344 572 1349 615 :

215 692 249 742 et
258 677 372 761 pellis:
398 675 560 740 Hercules
572 692 682 743 autem
696 692 729 742 et
742 680 805 743 alia
812 699 909 763 opera
920 678 1046 763 majora
1058 704 1099 746 ne
1130 681 1166 743 in
1188 681 1225 742 ii·

213 799 254 861 hs
267 799 375 879 rebus,
402 821 483 882 quas
503 802 736 884 praetermittis,
763 801 1003 885 relinquantur:
1039 826 1106 866 uon
1135 804 1229 866 enim

212 916 296 980 mihi
308 919 417 983 minus
431 920 538 1005 operis
547 922 676 985 videtur
690 922 730 985 de
744 921 905 984 universis
920 922 1088 1007 generibus
1097 943 1231 1002 rerum,

215 1039 371 1116 quamde
385 1039 588 1124 singulorum
602 1042 736 1118 caussis,
750 1040 902 1107 acmulto
926 1042 1026 1105 etiam
1049 1043 1160 1128 majus
1187 1043 1237 1106 de·
1257 1086 1258 1089 κ

214 1161 486 1239 nuturadeorum,
500 1183 597 1243 quam
612 1164 652 1227 de
666 1163 838 1226 hominum
848 1164 960 1226 litibus
974 1165 1094 1229 dicere.
1144 1165 1231 1229 Non

215 1295 265 1345 est
274 1281 330 1360 ita,
343 1283 448 1367 inquit
463 1284 652 1349 Antonius:
676 1288 786 1352 dicam
796 1289 884 1351 enim
910 1289 981 1368 tibi,
1007 1290 1133 1367 Catule,
1159 1306 1231 1349 non

217 1405 286 1456 tam
300 1386 538 1480 doetus,'quam
561 1399 612 1489 (id
624 1402 712 1484 quod
723 1415 772 1465 est
786 1403 909 1487 majus)
925 1419 1089 1488 expertus.
1146 1402 1229 1466 Om-

213 1515 304 1579 nium
326 1535 513 1584 caeterarum
541 1544 651 1589 rerum
674 1524 791 1603 eratin,
813 1523 896 1586 mihi
919 1525 1027 1603 crede,
1053 1526 1154 1587 ludus
1181 1539 1231 1589 est

211 1630 337 1697 homini
349 1658 414 1698 non
426 1639 545 1719 hebeti,
559 1664 663 1725 neque
678 1643 902 1724 inexercitat0‚
916 1667 1020 1727 neque
1043 1641 1232 1707 communi·

213 1753 446 1835 umliterarum
456 1774 489 1824 et
498 1760 660 1845 politioris
672 1761 1037 1845 humanitatisexperti3
1061 1760 1095 1822 in
1134 1783 1231 1824 caus-

133 1912 140 1924 α
215 1894 325 1938 uarum
332 1881 592 1945 contentionibus
605 1903 760 1967 magnum
773 1894 822 1945 est
834 1880 1000 1962 quoddam
1013 1901 1108 1964 opus,
1122 1893 1225 1963 atque
1287 1864 1289 1873 ¹

214 1995 303 2058 haud
318 1999 431 2077 sciam,
445 2023 486 2062 an
497 2002 538 2063 de
549 2000 700 2064 humanis
726 1999 876 2084 operibus
900 2000 998 2085 longe
1017 2000 1227 2063 maximumt

214 2112 247 2172 in
261 2114 440 2194 quibusvis
454 2120 593 2180 oratoris
612 2120 803 2202 plerumque
830 2121 870 2182 ab
893 2121 1050 2207 imperitis
1075 2121 1170 2186 exitu
1195 2135 1229 2185 et
1315 2115 1320 2121 ’
1351 2094 1352 2099 ¹

212 2237 350 2299 victoria
356 2237 526 2321 judicatur
534 2265 549 2314 ·;
572 2243 627 2302 ubi
641 2246 735 2304 adest
758 2260 902 2308 armatus
930 2251 1151 2330 adversarius,
1172 2252 1226 2333 qui

212 2340 257 2420 nit
269 2372 301 2419 et
311 2357 518 2444 feriendusizt
530 2359 733 2441 repellendus
750 2385 758 2432 ;
782 2361 837 2422 ubi
847 2384 932 2444 saepe
947 2359 987 2443 ῖς
996 2367 1052 2455 qui
1067 2373 1116 2434 rei
1132 2373 1228 2435 dom.

215 2482 288 2548 inus
299 2481 427 2543 futurus
440 2493 501 2556 est,
513 2479 633 2543 alienus
647 2465 741 2561 atque
753 2478 866 2560 iratus,
892 2497 948 2545 aut
971 2484 1071 2548 etiam
1097 2491 1229 2553 amicus

218 2603 446 2668 adversarioet
461 2603 687 2682 inimicustibi
711 2617 783 2679 est3
819 2627 893 2667 cum
920 2619 975 2669 aut
1001 2607 1172 2673 docendus
1198 2611 1227 2672 is

216 2705 276 2803 ist,
290 2741 344 2791 aut
353 2728 635 2805 dedocendus,aut
646 2729 887 2812 reprimendum
899 2715 1162 2813 aut’incitandus,
1174 2750 1232 2799 aut

144 2871 150 2885 ·
215 2850 303 2912 omni
318 2849 441 2912 tatione
456 2851 496 2912 ad
509 2859 650 2933 tempus,
663 2852 705 2914 ad
719 2875 865 2917 caussam
877 2856 1024 2919 oratione
1052 2861 1226 2923 moderan-

214 2972 275 3034 dus
291 2999 298 3047 ;
324 2974 357 3034 in
374 2993 438 3055 quo
448 2995 532 3057 supe
546 2973 774 3037 benevolentia
787 2977 827 3037 ad
840 2977 965 3049 odium,
975 2977 1091 3039 odium
1120 2989 1228 3044 autem

216 3098 258 3160 ad
270 3097 531 3174 benevolentiam
545 3098 773 3160 deducendum
787 3110 836 3159 est
851 3123 859 3172 ;
883 3093 946 3179 qui
961 3111 1132 3180 tamquam
1158 3121 1225 3163 ma·

216 3220 400 3284 chinatione
415 3219 523 3301 aliqua
533 3233 603 3280 tum·
618 3222 658 3282 ad
673 3219 892 3295 severitatem,
907 3231 977 3279 tum
992 3219 1033 3281 ad
1057 3220 1228 3281 remissio·

203 3359 288 3400 nem
302 3338 415 3413 animi,
428 3351 498 3401 tum
512 3340 552 3399 ad
566 3338 744 3417 tristitiam,
757 3354 829 3403 tum
852 3341 894 3402 nd
915 3339 1063 3403 laetitiam
1082 3354 1135 3404 est
1151 3360 1223 3402 con·

212 3441 424 3541 torquendus.
471 3456 629 3520 Omnium
643 3462 877 3525 sententiarum
892 3462 1063 3546 gravitate,
1075 3460 1224 3522 omnium

214 3583 387 3648 verborum
401 3578 598 3663 ponderibus
610 3581 836 3645 estutendum.
883 3582 1071 3654 Accedam*
1080 3579 1223 3664 oportet,

213 3699 399 3766 actionaria
411 3697 599 3777 vehemens,
612 3700 708 3784 plena
717 3695 829 3773 animi,
840 3695 939 3778 piena·
962 3694 1106 3778 spiritus,
1130 3697 1226 3781 piena

205 3824 347 3901 doloris,
358 3822 453 3909 plena
464 3824 622 3888 veritatis·
670 3824 710 3886 ln
732 3822 784 3885 his
805 3821 956 3904 operibus
981 3821 1009 3884 si
1037 3825 1109 3905 quis
1134 3825 1224 3886 illam

211 3957 316 4009 artem
330 3944 624 4026 comprehenderit,
637 3959 684 4020 ut,
698 3958 864 4026 tamquam
887 3943 1034 4022 Phidias,
1060 3921 1238 4007 minem
1295 3942 1303 3947 ·

211 4069 343 4155 signum
353 4066 476 4133 efficere
486 4069 590 4151 possit
604 4093 612 4142 ;
634 4088 702 4129 non
715 4088 804 4147 sane,
812 4068 1091 4149 quemadmodum
1110 4063 1144 4126 in
1158 4064 1221 4145 cly-

1159 4197 1216 4269 ΡθΟ

239 4363 252 4389 '
270 4361 375 4443 Aseeu'm,
393 4367 480 4417 niuniu
496 4368 527 4417 be
543 4362 630 4426 added,
648 4367 664 4415 i.
676 4382 697 4415 e.
716 4365 856 4433 empioyed.
891 4364 924 4413 Ut
941 4365 964 4418 ix
978 4357 1134 4434 undu-sinoti
