2742 4950
186 412 323 493 tot'
472 406 907 525 Bromi-0113

185 590 304 659 anem*
317 587 581 654 autMun'ionem
605 587 784 653 ciurimus.
809 586 911 663 Quod
923 587 951 653 si
962 586 997 651 in
1010 602 1120 673 gestu,
1139 587 1194 672 qui

183 721 320 783 multum
333 729 499 781 oratorem
512 715 656 802 adjuvet,
680 730 714 779 et
726 717 760 780 in
772 737 865 796 voce,
886 739 955 801 quae
966 738 1032 781 uns
1045 717 1207 780 maxime*

183 843 403 927 eloquentiam
413 841 467 919 vel
475 842 681 905 commendat
694 842 747 904 vel
762 843 911 921 sustinet,
919 841 1087 906 elaborare
1097 844 1204 907 nobis

181 969 350 1033 nonlicet:
365 989 404 1032 ae
416 981 542 1031 tantum
556 967 590 1030 in
602 980 740 1051 utroque
754 970 884 1051 assequi
898 984 1081 1053 possumus,
1093 989 1202 1052 quan·

181 1109 254 1157 tum
266 1092 301 1156 in
312 1093 375 1156 hac
387 1092 457 1156 acie
469 1090 653 1176 quotidiani
676 1091 820 1154 muneris
834 1091 931 1176 spatii
954 1092 1050 1155 nobis
1073 1092 1176 1156 datur
1190 1111 1201 1155 t

183 1232 304 1305 quanto
316 1218 423 1280 minus
435 1231 485 1278 est
496 1218 538 1279 ad
546 1216 632 1302 juris
647 1217 754 1280 civilis
762 1216 970 1301 perdiscendi
1007 1215 1201 1300 occupatio·

183 1357 261 1399 nem
286 1336 579 1401 descendendum?
615 1336 706 1417 quod
730 1348 764 1396 et
785 1333 978 1398 summatim
988 1333 1111 1418 percipi
1125 1333 1202 1396 sine

183 1455 332 1518 doctrina
344 1469 461 1538 potest,
474 1466 507 1520 et
516 1455 599 1517 hanc
613 1453 712 1518 habet
725 1451 765 1515 ab
778 1451 844 1514 illis
867 1453 976 1513 rebue‘
991 1451 1209 1532 dissimilitu·v

182 1575 305 1654 dinem,
319 1579 409 1661 quod
419 1599 485 1641 vox
497 1590 530 1640 et
543 1592 654 1661 gestus
666 1576 775 1641 subito
789 1574 887 1673 sumi,
902 1587 936 1636 et
949 1572 1079 1637 aliunde
1093 1570 1201 1657 arripi

181 1719 246 1762 non
259 1715 366 1787 potest
379 1727 387 1776 3
404 1699 491 1790 juris
502 1699 626 1764 utilitas
639 1702 681 1764 ad
696 1720 859 1784 quamque
874 1718 1035 1776 caussam,
1041 1697 1201 1781 quamvis

74 1824 79 1831 ’
183 1840 330 1910 repente,
339 1826 423 1892 vela
434 1823 547 1910 peritis
560 1825 614 1889 vel
627 1826 667 1891 de
680 1823 773 1888 libris
795 1824 943 1909 depromi
968 1835 1090 1908 potest.
1151 1823 1203 1887 It·

186 1965 268 2027 aque
281 1944 329 2007 illi
340 1944 548 2011 disertissimi
556 1942 707 2011 homines
720 1945 887 2009 ministros
899 1945 1019 2042 lrabent
1042 1943 1077 2007 in
1103 1963 1202 2008 caus-

184 2063 229 2123 sis
238 2064 324 2145 juris
337 2067 472 2146 peritos,
487 2086 560 2127 cum
574 2067 635 2150 ipsi
650 2069 716 2131 sint
726 2066 927 2151 peritissimi,
948 2081 981 2133 et
1004 2070 1072 2153 qui,
1085 2079 1125 2133 ut
1144 2067 1204 2133 abt
1256 2094 1258 2099 ’

183 2193 216 2243 te
224 2183 321 2263 paulo
334 2196 408 2245 ante
421 2184 549 2247 dictum
559 2200 620 2261 est,
628 2190 823 2270 pragmatici
844 2205 1013 2255 vocantur.
1071 2190 1113 2254 In
1137 2210 1206 2276 quo

184 2299 289 2361 nostri
301 2299 436 2362 omnino
450 2297 566 2363 melius
578 2274 694 2378 multo,
708 2305 798 2383 quod
819 2305 1080 2371 clarissimorum
1106 2311 1204 2374 hom·
1252 2320 1254 2323 ’

186 2423 280 2492 inum
292 2424 624 2511 auctoritatelegesset
629 2424 707 2512 jura
718 2437 805 2488 tecta
815 2446 885 2492 esse
897 2428 1083 2512 voluerunt.
1120 2408 1204 2500 uSe'd

187 2576 299 2629 tamen
311 2577 379 2618 non
390 2551 530 2639 fugisset
540 2550 604 2613 hoo
618 2552 747 2615 Graecos
758 2527 923 2632 homines,
949 2552 977 2616 si
999 2553 1048 2619 ita
1062 2578 1201 2627 necesse

187 2681 333 2750 arbitrati
345 2691 640 2756 essent‚oratorem
654 2678 762 2759 ipsum
786 2678 917 2743 erudire
940 2679 1066 2765 injure
1093 2682 1202 2763 civili„

183 2825 252 2867 non
265 2802 296 2863 ei
309 2796 547 2883 pragmaticum
559 2796 748 2878 adjutorem
760 2799 850 2861 dare.

231 3043 244 3121 l
268 3043 343 3108 LX.
388 3038 478 3102 Nam
490 3034 673 3121 quoddicis
685 3049 888 3103 senectutem
902 3061 923 3102 a
936 3043 1112 3112 solitudine
1132 3049 1205 3115 vin.

188 3169 291 3236 dicari
295 3167 380 3257 juris
395 3164 502 3229 civilis
515 3163 652 3228 scientis
664 3191 672 3239 3
687 3163 824 3229 fortasse
836 3167 936 3233 etiam
943 3174 1089 3255 pecuniae
1102 3195 1200 3263 mag·

187 3294 337 3355 nitudine
353 3317 362 3363 ;
387 3292 446 3353 see]
459 3310 520 3350 nos
531 3309 608 3366 non,
622 3288 808 3371 quidnobis
822 3293 901 3361 utile
912 3294 1042 3361 verum'
1056 3299 1141 3382 quid
1168 3319 1203 3362 0.

187 3412 288 3477 ratori
299 3409 520 3477 necessarium
534 3410 588 3490 sit,
609 3412 799 3493 quaerimus.
847 3416 1069 3502 Quamquam,
1084 3422 1200 3505 quoni.

189 3560 242 3603 am
256 3517 357 3610 mults
370 3535 561 3601 adoratoris
574 3537 825 3606 similitudinem
840 3543 879 3605 ab
911 3561 977 3604 uno
996 3543 1120 3607 artifice
1146 3566 1200 3608 su·

1059 3665 1195 3748 mimus,

446 3795 448 3799 ³
463 3819 473 3846 0

216 3870 228 3896 ’
248 3868 334 3936 Qum
352 3873 424 3928 tonet,
445 3875 528 3934 quotics
541 3872 700 3939 perscribimn
722 3873 833 3927 Paonem
854 3885 895 3924 aut
908 3876 1050 3932 Marionem
1068 3882 1202 3934 citarimur.

184 3974 309 4047 Gutbrie’s
318 3975 463 4024 translation
475 3978 503 4034 is,
515 3974 598 4044 Before
606 3997 639 4029 ue
648 3978 713 4030 could
717 3990 757 4048 get
764 3979 818 4049 half
827 3979 922 4049 through
931 3980 1046 4033 thescale.
1080 3984 1122 4032 He
1134 4000 1200 4051 says,
1230 4002 1233 4007 ·

181 4068 228 4123 this
234 4082 337 4141 passage
344 4089 389 4138 eon
400 4076 503 4141 scarcely
519 4075 545 4125 be
561 4077 695 4129 translated.
730 4080 772 4129 He
793 4096 911 4147 supposes
927 4083 969 4131 the
987 4079 1070 4131 words
1088 4083 1200 4140 Poeonem

183 4177 232 4227 aud
242 4178 382 4230 allusionem
399 4192 496 4227 answer
506 4189 532 4228 to
543 4197 587 4229 our
598 4183 641 4240 sol,
653 4183 689 4241 fa,
700 4184 732 4233 la.

207 4321 208 4324 η
217 4286 256 4348 By
266 4288 334 4334 these
341 4285 424 4335 words
434 4302 473 4335 we
482 4303 525 4335 are
536 4298 562 4335 to
573 4288 722 4338 understand
733 4305 748 4338 a
758 4290 859 4340 musicel
869 4292 976 4341 exercite
983 4291 1106 4358 practised
1116 4293 1145 4356 by
1155 4288 1196 4338 th?

185 4386 282 4434 ancient
293 4385 400 4448 Greeks,
411 4391 451 4443 for
461 4392 503 4440 the
513 4404 619 4460 purpose
630 4390 660 4441 of
666 4391 822 4457 modulatiug
832 4394 896 4460 their
905 4395 994 4445 voices.
