2742 4950
490 396 788 473 tusculi.
848 399 901 457 51.
1077 489 1081 496 Ι
1139 398 1204 458 1⁷9

154 640 160 648 .
187 577 325 648 dicendi
337 577 547 657 fauet,neque
561 569 609 633 ita
621 560 983 640 annuntiationibus,
994 571 1031 627 ut
1056 559 1139 625 nihil
1165 559 1207 623 ad

194 727 307 772 eorum
319 715 444 768 mentes
455 697 605 783 oratione
614 688 791 757 flectendas
801 685 959 768 proficere
972 685 1150 770 possimus,
1164 706 1206 748 ne

192 848 248 899 aut
259 829 409 893 irrisione
423 839 481 891 aut
492 821 573 887 odio
600 813 693 900 digni
716 824 882 917 putemur,
903 809 931 872 si
958 824 1013 872 aut
1032 812 1204 894 tragedias
1295 902 1302 918 ι

189 975 326 1041 agamus
337 953 372 1015 in
384 950 493 1035 nugis,
508 958 564 1009 aut
576 938 759 1006 c'onvellere
773 934 963 999 adoriamur
974 954 1025 1010 ea,
1038 955 1116 1014 rquae
1140 955 1209 997 non

191 1091 330 1164 possunt
343 1070 556 1139 commoveri.
603 1065 694 1127 Nam
702 1057 859 1141 quoniam
882 1056 951 1119 haec
974 1053 1041 1119 lere
1068 1055 1209 1119 maxime
1260 1033 1269 1047 ¹

193 1195 316 1279 suntin
324 1199 479 1283 judicum
490 1186 623 1264 animis,
636 1196 692 1247 aut
701 1179 899 1263 quicumque
923 1174 973 1238 illi
996 1185 1105 1256 erunt,
1126 1176 1212 1259 apud

195 1342 280 1405 quos
290 1336 440 1400 agemus,
451 1309 597 1373 oratione
609 1301 786 1385 molienda,
806 1318 909 1372 amor,
935 1296 1061 1373 odium,
1087 1295 1213 1358 iracun-

191 1449 264 1525 dia,
277 1443 414 1520 invidia,
429 1435 670 1512 misericordia,
685 1450 770 1516 spes,
782 1427 908 1507 latitia,
921 1428 1033 1504 timor,
1042 1424 1210 1496 molestia3

190 1572 358 1639 sentimus
372 1590 519 1634 amorem
531 1564 712 1639 conciliari,
724 1560 754 1622 si
769 1559 805 1621 id
817 1557 963 1633 videare,
978 1554 1063 1639 quod
1077 1554 1120 1618 sit
1132 1552 1211 1616 utile

191 1693 286 1778 ipsis,
302 1694 388 1775 apud
400 1714 482 1773 quos
497 1711 586 1771 agas,
602 1674 777 1748 defendere
790 1706 802 1754 5
826 1681 854 1742 si
869 1692 924 1742 aut
939 1700 997 1762 pro
1008 1678 1104 1741 bonis
1118 1677 1212 1755 viris,

196 1827 254 1874 aut
265 1825 422 1894 certepro
436 1806 558 1888 iis‚'qui
579 1804 644 1867 illis
669 1801 749 1863 boni
773 1814 870 1882 atque
896 1800 995 1861 utiles
1020 1799 1097 1874 sint,
1122 1799 1212 1858 labu-

192 1959 266 2002 rare
281 1959 290 1999 τ
314 1908 455 2016 namque
468 1934 533 1998 haec
546 1953 600 1994 res
614 1949 763 1994 amorem
774 1910 880 2012 magis
893 1923 1056 2000 conciliat,
1070 1923 1125 1987 illa
1148 1924 1214 1985 vir-

193 2066 278 2128 tutis
294 2061 443 2128 defensio
457 2058 627 2121 caritatem
642 2083 651 2131 ;
674 2057 810 2139 plusque
822 2053 961 2137 proficit,
973 2053 1001 2115 si
1022 2053 1214 2136 proponitur

194 2211 275 2273 spes
289 2184 573 2261 utilitatis'futurae,
587 2202 686 2266 quam
696 2179 852 2265 praeteriti
861 2177 1014 2242 beneficii
1036 2150 1214 2240 commem·
1283 2190 1285 2195 ’

194 2306 316 2369 oratio.
363 2304 567 2366 Enitendum
581 2316 643 2382 est,
655 2314 693 2365 ut
704 2298 869 2375 ostendas,
882 2297 917 2389 in
929 2317 1027 2374 aare,
1043 2318 1142 2378 quarn
1156 2297 1212 2358 de·

198 2423 327 2503 sendus,
338 2435 394 2486 aut
403 2421 601 2507 dignitatem
614 2421 722 2483 inesse
744 2429 802 2482 aut
824 2415 1025 2489 utilitatem3
1061 2428 1227 2497 eumque„

199 2549 255 2611 cui
268 2529 422 2613 concilies
433 2550 521 2611 hunc
534 2566 693 2622 amorem,
702 2543 866 2627 significes
891 2541 973 2605 nihil
987 2540 1029 2604 ad
1040 2539 1215 2603 utilitatem

193 2688 294 2731 suam
306 2669 472 2745 retulisse,
485 2652 614 2729 acnihil
636 2667 771 2729 omnino
786 2665 902 2732 fecisse
926 2687 1041 2731 caussa
1065 2687 1143 2729 sua:
1169 2664 1215 2724 in-

198 2786 335 2852 videtur
346 2788 436 2851 enim
450 2790 632 2853 commodis
644 2781 817 2855 hominum
832 2791 977 2876 ipsorum
993 2818 1002 2867 ;
1027 2790 1146 2853 studiis
1160 2812 1215 2852 au·

200 2924 272 2973 tem
283 2932 397 2976 eorum
409 2915 535 2981 caeteris
556 2918 789 2982 commodandi
815 2916 955 2980 favetur.
1008 2916 1215 2983 Videndum-

200 3047 264 3109 que
277 3028 340 3091 hoc
352 3029 425 3093 loco
437 3045 497 3113 est,
510 3054 564 3107 ne,
587 3057 669 3117 quos
683 3036 726 3096 ob
746 3032 919 3096 benefacta
938 3030 1032 3111 diligi
1055 3032 1216 3106 volemus,

200 3170 315 3245 eorum
329 3152 463 3216 laudem
474 3167 570 3234 atque
584 3152 736 3235 gloriam,
750 3150 804 3209 cui
818 3148 961 3230 maxime
974 3146 1113 3211 invideri
1125 3149 1217 3226 solet,

201 3272 303 3335 nimis
314 3275 428 3339 efferre
440 3245 623 3339 videamur.
671 3270 784 3354 Atque
796 3268 917 3333 iisdem
940 3269 992 3332 lris
1017 3291 1059 3333 ex
1078 3270 1160 3334 locis
1186 3287 1220 3335 ct

205 3394 322 3456 odium
336 3395 370 3455 in
383 3395 464 3457 alios
474 3410 599 3474 struere
627 3395 803 3477 discemus,
826 3410 859 3460 et
882 3419 904 3462 a
926 3397 1020 3460 uobis
1042 3421 1079 3462 ac
1098 3395 1219 3460 nostris

203 3521 392 3587 demovere.
439 3518 633 3603 Eademque
646 3521 719 3595 haec
749 3542 869 3605 genera
889 3523 1059 3586 tractanda
1085 3534 1160 3583 sunt
1185 3520 1219 3582 in

208 3647 380 3714 iracundia
392 3646 445 3709 vel
459 3643 631 3710 excitanda
642 3645 697 3709 vel
709 3645 852 3710 sedanda
867 3670 875 3708 ε
899 3667 975 3710 narn
990 3646 1018 3708 si
1032 3647 1120 3736 quod
1129 3645 1220 3731 ipsis,

203 3773 263 3854 qui
278 3773 425 3849 audiunt,
436 3770 656 3857 perniciosum
667 3784 724 3835 aut
732 3771 857 3853 inutile,
868 3775 911 3836 sit
929 3772 965 3834 id
978 3771 1099 3836 fautum
1125 3794 1221 3858 auge·

205 3915 255 3972 as,
269 3893 382 3957 odium
396 3906 523 3957 creatur
537 3916 545 3954 ι
571 3893 633 3973 sin,
647 3893 736 3976 quod
750 3907 804 3956 aut
817 3894 850 3955 in
863 3894 965 3956 bonos
978 3894 1081 3974 viros,
1106 3909 1161 3959 aut
1187 3888 1222 3954 in

202 4033 261 4082 eos
270 4016 304 4088 in
312 4037 394 4101 quos
403 4016 541 4099 quisque
550 4016 685 4083 minime
695 4018 914 4098 debuerit,aut
924 4018 1222 4103 inRempublicam,

202 4154 279 4207 tum
308 4142 479 4222 excitatur,
500 4144 528 4208 si
540 4158 691 4251 nontam
706 4147 858 4210 acerbum
884 4147 1009 4222 odium,
1033 4160 1143 4208 tamen
1168 4157 1237 4208 aut,

204 4262 337 4330 invidie
351 4280 406 4331 aut
416 4265 485 4332 odii
497 4266 741 4333 nondissimilis
755 4270 901 4339 offensio.
948 4271 1033 4338 Item
1046 4268 1147 4334 timor
1175 4265 1223 4340 in.-

1024 4459 1028 4470 ⁴
1103 4387 1224 4470 cutitur

1170 4585 1182 4630 l
