2742 4950
468 346 762 417 Lrss'rII.
808 357 861 413 58.
1102 362 1166 423 139

160 521 253 587 tione
267 514 506 599 consequimur,
528 528 584 581 aut
595 526 685 585 reeta
697 534 768 581 esse
782 515 981 583 confidamus
995 531 1052 585 aut
1073 541 1174 606 prava

166 642 397 733 intelligamus,
429 662 516 731 eum,
550 662 617 731 quo
639 640 814 707 referenda
837 640 913 722 siut,
944 642 1172 731 didicerimus,

166 773 290 863 Quare,
316 773 431 852 Cesar,
455 790 519 857 ego
543 788 672 852 quoque
695 788 716 830 a
739 780 772 833 te
796 767 859 833 hoc
882 782 970 889 peto,
991 786 1040 853 ut,
1062 774 1091 841 si
1111 775 1173 851 tibi

165 895 304 975 videtur,
329 895 476 980 disputes
498 895 539 961 de
553 892 699 971 hostete
718 892 854 978 jocandi
868 913 984 978 genere
1008 894 1087 977 quid
1099 918 1172 969 seu·
1282 937 1287 947 -

164 1020 237 1101 tias,
260 1043 301 1087 ue
325 1044 393 1106 qua
407 1020 491 1109 forte
505 1019 638 1085 dicendi
652 1038 727 1102 pars
751 1008 924 1107 (Quoniam
948 1019 995 1085 ita
1005 1019 1171 1102 voluistis)

163 1142 197 1219 iu
208 1142 273 1215 hoc
279 1144 338 1211 tali
352 1159 436 1219 cetu
447 1159 546 1228 atque
560 1146 594 1206 in
607 1158 677 1205 tam
687 1155 838 1207 accurato
851 1161 1002 1205 sermone
1014 1140 1177 1226 praeterita

162 1287 234 1337 esse
247 1269 412 1341 videatur.
452 1268 625 1350 Egovero,
639 1263 992 1348 remurmuremus
1005 1262 1176 1341 solimam
1208 1277 1212 1282 ’

161 1388 347 1468 aeouviva,
363 1388 493 1467 Crasse,
515 1389 634 1474 exigis,
654 1409 720 1457 nou
734 1389 950 1470 committam,
970 1403 1017 1469 ut,
1038 1388 1067 1454 si
1081 1386 1174 1453 uera·
1254 1382 1260 1395 '

160 1513 279 1598 gerim,
289 1486 512 1585 tibieaussam
523 1518 667 1600 aliquam
680 1519 757 1583 dem
769 1520 962 1585 mcusaudi:
978 1534 1174 1602 quamquam

161 1637 253 1715 soleo
278 1658 364 1722 saepe
389 1642 502 1712 mirari
526 1658 641 1709 eorum
662 1644 911 1728 impudentiam,
934 1644 991 1731 qui
1013 1654 1114 1730 agust
1137 1640 1174 1707 iu

158 1778 257 1831 scena
278 1773 418 1846 gestura,
441 1774 609 1848 spectante
624 1765 770 1831 Roscio:
793 1770 867 1853 quis
885 1769 982 1834 enim
994 1788 1066 1832 sess
1080 1787 1172 1829 eom·

158 1911 292 1957 movere
301 1906 423 1975 potest,
436 1893 529 1978 eujus
542 1893 597 1960 ilie
610 1893 695 1957 vitia
704 1915 771 1958 nou
778 1895 911 1961 videat?
935 1895 992 1958 Sie
1002 1906 1064 1981 ego
1074 1894 1173 1968 nuno,

161 2015 281 2081 Crasso
295 2016 462 2086 audiente.
483 2017 628 2100 prisoum
645 2019 762 2102 quuar
788 2022 832 2087 de
851 2017 993 2098 facetiis
1018 2015 1052 2082 e't
1069 2014 1179 2083 doceis
1198 2029 1202 2034 ’

157 2136 402 2227 sae(utaium)
424 2150 590 2203 oratorem
586 2161 681 2220 eum,
707 2160 805 2222 quem
819 2160 894 2213 oum
909 2139 1047 2204 Catulus
1067 2154 1172 2222 super
1220 2200 1222 2202 ,

156 2257 318 2339 audisset,
329 2257 454 2346 senum
466 2264 553 2328 aleos
559 2264 666 2328 arebat
677 2265 772 2330 esee*
796 2273 950 2353 op'ortese
995 2260 1086 2324 Tum
1102 2254 1171 2337 iiie,

156 2380 367 2465 Iocabatur,
358 2385 474 2467 mquit,
489 2386 635 2472 Catulus,
648 2391 833 2479 prasertim
847 2408 922 2454 cum
936 2382 1098 2452 itadieat
1089 2403 1170 2466 ipse,

157 2524 194 2576 ut
208 2518 390 2600 ambrosia†
403 2519 538 2584 alendus
553 2543 624 2586 esse
637 2517 801 2584 videatur.
844 2519 970 2583 Verum
982 2526 1026 2596 te,
1046 2511 1168 2592 C'aesar,

159 2647 341 2728 audiamus,
362 2662 400 2710 ut
413 2650 456 2730 ad
470 2647 610 2710 Antonii
632 2645 760 2729 reliqua
772 2643 954 2709 redeamus.
1000 2644 1046 2709 Et
1066 2631 1171 2710 Anto-

157 2773 244 2850 nius,
259 2775 427 2858 Perpauca
440 2774 574 2859 quidem
589 2774 669 2839 mihi
685 2787 821 2858 restant,
834 2776 963 2861 inquit:
987 2777 1046 2839 sed
1059 2788 1170 2840 tamen

157 2897 307 2962 defessus
324 2898 396 2985 jam
409 2900 519 2965 labore
542 2915 638 2986 atque
654 2901 771 2969 itinere
786 2902 1014 2990 disputationis
1027 2877 1171 2996 requies-¹

158 3040 231 3085 eam
254 3021 287 3085 in
303 3024 442 3092 Caesaris
456 3049 620 3112 sermone,
643 3030 736 3115 quasi
751 3034 786 3096 iu
800 3032 909 3112 aliquo
927 2999 1169 3109 peropportuno

158 3149 348 3217 diversorio.

204 3396 217 3471 I
241 3393 376 3461 LVIII.
422 3395 562 3478 Atqui,
554 3397 660 3497 inquit
685 3398 805 3483 Julius,
828 3419 894 3463 non
915 3396 1014 3462 nImis
1036 3397 1169 3465 liberale

157 3517 336 3603 hospitium
346 3540 456 3583 meum
469 3519 578 3584 dices:
595 3542 670 3587 nam
681 3537 715 3589 te
729 3523 870 3605 inviam,
880 3519 1014 3589 simulac
1023 3517 1168 3609 perpaul-

161 3638 264 3708 lulum
276 3644 431 3731 gustans,
443 3649 613 3714 extrudam
633 3663 665 3715 et
690 3650 832 3737 ejiciam.
890 3651 955 3732 Ac,
980 3643 1020 3717 ue
1043 3646 1167 3716 diutius
1248 3648 1252 3656 '

159 3792 220 3833 vos
231 3771 393 3851 demorer,
405 3774 445 3838 de
457 3773 547 3835 omni
559 3772 623 3835 isto
637 3796 756 3859 genere
767 3775 848 3859 quid
853 3776 1006 3856 sentiam,
1017 3777 1167 3862 perbrev-

159 3890 222 3953 iter
235 3911 418 3999 exponam,
444 3893 502 3957 'De
515 3892 585 3959 risu
603 3894 749 3979 quinque
763 3909 850 3979 sunt,
871 3918 944 3980 quae
956 3908 1163 3983 querantur:

953 4031 957 4040 '
1002 4015 1007 4022 ’
1053 4029 1180 4096 unum,

191 4145 471 4251 *ueesaomsu
489 4139 583 4251 taem
663 4245 666 4258 .
729 4243 742 4254 ,.

192 4299 360 4363 erasm,
377 4265 420 4353 ue
436 4301 495 4354 roos
512 4302 542 4356 or
555 4306 598 4355 ue
613 4304 683 4370 goa.
734 4267 738 4280 ’
