2742 4950
482 411 685 477 Lrsn
729 410 777 475 11.
822 418 875 474 tt.
1106 423 1169 504 157

161 592 272 650 essent
301 577 560 658 innumerabiles,
590 571 762 643 debilitati
780 598 800 641 a
819 577 895 663 jure
929 583 1169 665 cognoscendo,

92 798 95 810 Ι
160 705 361 785 voluptatem
372 702 519 770 discendi
533 702 633 766 simul
643 723 720 766 cum
732 724 789 786 spe
799 703 1004 787 perdiscendi
1016 706 1172 792 abjicere-

159 848 258 907 mus,
288 827 354 899 Sed
377 825 445 895 hac
469 824 609 889 Crassus
634 822 812 907 aliquando
837 825 932 888 nobis
954 829 1118 913 expediet,
1138 846 1173 897 et

123 989 126 995 -
163 960 302 1032 exponet
314 946 482 1033 descripta
494 944 676 1031 generatim
688 966 706 1007 ε’
719 958 772 1008 est
781 946 872 1013 enim
883 969 924 1011 ne
938 947 1024 1013 forto
1036 952 1175 1032 nescias,

159 1065 231 1141 heri
243 1066 341 1131 nohis
353 1065 408 1133 ille
421 1065 498 1144 hoc,
511 1062 642 1143 Catule,
654 1062 834 1146 pollicitus,
853 1087 887 1131 ae
896 1066 953 1150 jus
967 1064 1075 1144 civile,
1087 1072 1175 1149 quod

159 1202 245 1271 nunc
255 1185 414 1267 diffusum
427 1194 461 1249 et
474 1179 674 1264 dissipatum
687 1192 748 1260 est,
771 1181 805 1245 in
818 1196 906 1248 certa
918 1202 1039 1269 genera
1050 1197 1178 1249 coactu·

158 1326 249 1384 rum,
258 1319 296 1387 et
307 1307 352 1383 ad
364 1317 470 1369 artem
480 1302 575 1369 facile
588 1303 810 1371 redacturum.
855 1305 902 1371 Et
913 1305 1059 1390 quidem,
1071 1304 1178 1389 inquit

158 1424 323 1505 Cautius„
337 1425 591 1513 haudquaquam
616 1425 653 1488 id
673 1440 724 1491 est
737 1424 866 1491 difficile
892 1425 1026 1507 Crasso,
1050 1426 1108 1513 qui
1134 1439 1178 1506 ct,

59 1608 61 1615 ,
162 1551 255 1634 quod
268 1550 353 1631 disci
365 1552 474 1635 potnit
488 1552 625 1639 dejure,
645 1551 764 1619 didicit
776 1577 785 1626 3
808 1565 841 1623 et
854 1552 944 1634 quod
958 1551 1011 1630 iis,
1030 1552 1177 1635 quicum

156 1673 356 1752 docuerant*
365 1672 485 1749 deluit,
502 1674 571 1757 ipse
584 1674 697 1747 sileret
711 1700 721 1748 ;
743 1686 792 1753 ut,
805 1694 875 1757 que
888 1673 956 1741 sint
969 1674 1099 1760 injure,
1123 1673 1178 1738 vel

158 1805 254 1877 acnte
265 1790 454 1867 ducribers
467 1790 520 1857 rel
533 1805 647 1855 ornate
661 1790 824 1867 illustrare
835 1792 951 1876 possit.
998 1791 1090 1875 Ergo
1104 1789 1178 1867 ista,
1273 1792 1276 1801 “

158 1913 272 1999 inquit¹
292 1912 473 1986 Antonius,
498 1925 571 1981 tum
598 1913 752 1981 aCrasso
773 1913 951 1990 discemus,
974 1928 1050 1975 curn
1074 1931 1109 1972 se
1124 1910 1179 1973 ·dc
1200 1972 1203 1976 Α

158 2030 252 2097 turba
278 2042 314 2113 et
332 2050 355 2093 a
375 2028 540 2109 subselliis
563 2030 599 2101 in
625 2029 732 2097 otium
756 2035 810 2120 (ut
830 2026 970 2114 cogitat)
995 2024 1179 2109 soliumque
1195 2074 1206 2086 ..

159 2151 352 2221 contulerit.
397 2154 473 2237 lam
487 2154 522 2218 id
535 2156 670 2239 quiden:
683 2176 780 2239 sape,
794 2153 902 2238 inquit
916 2150 1064 2230 Catulus,
1085 2173 1127 2217 ex
1139 2172 1180 2215 eo

161 2275 290 2354 audivi,
304 2296 379 2341 cum
392 2266 529 2359 diceret,
541 2278 604 2345 sibi
618 2292 747 2343 certum
761 2299 833 2343 esse
846 2298 867 2340 a
882 2274 1023 2362 judiciis
1041 2275 1180 2338 caussis·

161 2417 227 2482 que
237 2397 431 2474 discedere3
454 2397 524 2478 sed,
547 2412 584 2463 ut
607 2398 669 2486 ipsi
684 2398 785 2463 solco
808 2397 933 2474 dicere,
959 2414 1025 2457 non
1043 2393 1178 2457 licebit:

159 2543 269 2610 neque
296 2523 385 2590 enim
412 2524 482 2609 ipse
507 2523 668 2587 auxilium
685 2543 791 2590 suum
815 2543 900 2607 saepe
928 2519 1053 2588 aviris
1081 2518 1180 2612 'bonis

157 2646 284 2714 fristra
297 2645 468 2729 implorari
482 2644 636 2727 patietur,
660 2664 765 2726 neque
790 2643 826 2707 id
850 2663 939 2728 aquo
963 2641 1072 2706 animo
1097 2639 1181 2704 feret

158 2769 301 2841 civitas;
323 2786 422 2850 que,
448 2763 477 2826 si
504 2784 587 2830 voce
613 2765 655 2829 L.
684 2764 795 2830 Crassi
822 2764 956 2845 carebit,
989 2777 1181 2829 ornamento

159 2892 309 2978 quodam
338 2911 409 2958 sese
434 2890 615 2974 spoliatam
631 2892 768 2976 putabit.
815 2892 906 2955 Nam
930 2890 1051 2969 hercle,
1076 2888 1183 2973 inquit

165 3009 348 3085 Antonius,
371 3008 400 3072 si
414 3008 481 3073 hoec
494 3031 570 3076 vere
587 3033 606 3075 a
625 3011 744 3076 Catulo
759 3009 850 3073 dicta
867 3018 955 3083 sunt,
977 3006 1038 3068 tibi
1051 3025 1184 3069 mecum

162 3133 197 3195 in
223 3131 343 3195 codem
368 3143 417 3194 est
443 3128 622 3212 pistrino*,
649 3129 782 3222 Crasse,
806 3122 998 3195 vivendum,
1025 3132 1058 3180 et
1084 3123 1181 3183 istam

163 3258 362 3323 oscitantem
383 3269 416 3321 et
440 3254 674 3318 dormitantem
689 3242 895 3330 sapientiam,
920 3237 1140 3306 scaevolarum
1153 3255 1186 3306 et

167 3388 367 3441 caeterorum
391 3374 563 3435 beatorum
590 3369 659 3434 otio
691 3364 920 3430 concedamus.
979 3360 1105 3425 Arrisit
1129 3361 1183 3426 hic

164 3498 308 3580 Crassus
320 3493 451 3572 leniter,
466 3503 512 3572 et,
526 3492 665 3557 Pertexe
679 3490 792 3570 modo,
805 3486 923 3571 inquit,
938 3484 1078 3563 Antoni,
1096 3487 1185 3567 quod

164 3638 303 3686 exorsus
328 3639 389 3692 es;
422 3638 475 3683 me
498 3629 609 3681 tamen
634 3615 699 3679 ista
724 3612 864 3677 oscitans
890 3605 1061 3693 sapientia,
1086 3608 1185 3673 simul
1221 3582 1224 3588 .

164 3754 261 3823 atque
284 3738 327 3804 ad
349 3757 423 3802 earn
444 3736 637 3822 confugero,
661 3736 696 3798 in
709 3734 894 3799 libertatem
906 3724 1098 3794 vindicabit.
1117 3781 1123 3790 .

981 3981 994 4058 l
1019 3980 1181 4044 XXXIV.

194 4280 207 4308 ’
227 4274 280 4329 riti
298 4293 396 4332 mecum
415 4280 439 4327 in
459 4273 541 4328 eodem
558 4286 592 4325 ert
615 4274 722 4341 pistrino,
744 4272 835 4328 Crasse,
856 4265 991 4320 sinendum.
1026 4261 1082 4311 You
1098 4254 1149 4308 and
1165 4250 1188 4307 Is

169 4376 282 4437 Crassus,
299 4386 370 4427 must
388 4377 436 4428 live
453 4380 565 4441 together
581 4374 608 4423 in
625 4376 667 4424 the
685 4359 756 4423 sanie
774 4368 941 4423 work-house.
