<?xml version="1.0" encoding="UTF-8"?>
<!DOCTYPE html PUBLIC "-//W3C//DTD XHTML 1.0 Transitional//EN"
    "http://www.w3.org/TR/xhtml1/DTD/xhtml1-transitional.dtd">
<html xmlns="http://www.w3.org/1999/xhtml" xml:lang="en" lang="en">
 <head>
  <title>
</title>
<meta http-equiv="Content-Type" content="text/html;charset=utf-8" />
  <meta name='ocr-system' content='tesseract 3.04.00' />
  <meta name='ocr-capabilities' content='ocr_page ocr_carea ocr_par ocr_line ocrx_word'/>
</head>
<body>
  <div class='ocr_page' id='page_1' title='image "./mtulliiciceroni00smitgoog_0188.png"; bbox 0 0 2742 4950; ppageno 0'>
   <div class='ocr_carea' id='block_1_1' title="bbox 152 304 877 374">
    <p class='ocr_par' dir='ltr' id='par_1_1' title="bbox 152 304 877 374">
     <span class='ocr_line' id='line_1_1' title="bbox 152 304 877 374; baseline 0.001 -3"><span class='ocrx_word' id='word_1_1' title='bbox 152 317 213 374; x_wconf 74' lang='lat'>184</span> <span class='ocrx_word' id='word_1_2' title='bbox 449 304 877 372; x_wconf 76' lang='lat' dir='ltr'>DaOraroalt</span> 
     </span>
    </p>
   </div>
   <div class='ocr_carea' id='block_1_2' title="bbox 143 471 1178 1538">
    <p class='ocr_par' dir='ltr' id='par_1_2' title="bbox 143 471 1178 1538">
     <span class='ocr_line' id='line_1_2' title="bbox 149 471 1178 568; baseline 0.002 -29"><span class='ocrx_word' id='word_1_3' title='bbox 149 484 279 568; x_wconf 83' lang='lat' dir='ltr'>(natura</span> <span class='ocrx_word' id='word_1_4' title='bbox 292 472 379 535; x_wconf 86' lang='lat' dir='ltr'>enim</span> <span class='ocrx_word' id='word_1_5' title='bbox 393 471 486 556; x_wconf 84' lang='lat' dir='ltr'>fingit</span> <span class='ocrx_word' id='word_1_6' title='bbox 498 471 647 535; x_wconf 83' lang='lat' dir='ltr'>homines</span> <span class='ocrx_word' id='word_1_7' title='bbox 661 485 696 539; x_wconf 88' lang='lat' dir='ltr'>et</span> <span class='ocrx_word' id='word_1_8' title='bbox 705 486 793 540; x_wconf 88' lang='lat' dir='ltr'>creat</span> <span class='ocrx_word' id='word_1_9' title='bbox 806 474 989 541; x_wconf 72' lang='lat' dir='ltr'>imitatores</span> <span class='ocrx_word' id='word_1_10' title='bbox 1003 486 1036 539; x_wconf 87' lang='lat' dir='ltr'>et</span> <span class='ocrx_word' id='word_1_11' title='bbox 1047 488 1153 541; x_wconf 58' lang='lat' dir='ltr'>narra*</span> <span class='ocrx_word' id='word_1_12' title='bbox 1174 485 1178 504; x_wconf 87' lang='lat'><strong>¹</strong></span> 
     </span>
     <span class='ocr_line' id='line_1_3' title="bbox 148 596 1151 687; baseline 0.003 -23"><span class='ocrx_word' id='word_1_13' title='bbox 148 618 236 666; x_wconf 86' lang='lat' dir='ltr'>teres</span> <span class='ocrx_word' id='word_1_14' title='bbox 245 599 377 674; x_wconf 81' lang='lat' dir='ltr'>facetos,</span> <span class='ocrx_word' id='word_1_15' title='bbox 400 608 434 660; x_wconf 88' lang='lat' dir='ltr'>et</span> <span class='ocrx_word' id='word_1_16' title='bbox 447 597 541 659; x_wconf 89' lang='lat' dir='ltr'>vultu</span> <span class='ocrx_word' id='word_1_17' title='bbox 554 596 727 681; x_wconf 84' lang='lat' dir='ltr'>adjuvante</span> <span class='ocrx_word' id='word_1_18' title='bbox 750 610 783 662; x_wconf 89' lang='lat' dir='ltr'>et</span> <span class='ocrx_word' id='word_1_19' title='bbox 795 616 875 665; x_wconf 87' lang='lat' dir='ltr'>voce</span> <span class='ocrx_word' id='word_1_20' title='bbox 900 602 1020 686; x_wconf 29' lang='lat' dir='ltr'>etssipso</span> <span class='ocrx_word' id='word_1_21' title='bbox 1034 624 1151 687; x_wconf 82' lang='lat' dir='ltr'>genere</span> 
     </span>
     <span class='ocr_line' id='line_1_4' title="bbox 145 714 1157 806; baseline 0.005 -23"><span class='ocrx_word' id='word_1_22' title='bbox 145 717 323 801; x_wconf 79' lang='lat' dir='ltr'>sermonis)</span> <span class='ocrx_word' id='word_1_23' title='bbox 334 731 407 780; x_wconf 88' lang='lat' dir='ltr'>tum</span> <span class='ocrx_word' id='word_1_24' title='bbox 420 736 501 779; x_wconf 89' lang='lat' dir='ltr'>vero</span> <span class='ocrx_word' id='word_1_25' title='bbox 515 719 549 780; x_wconf 90' lang='lat' dir='ltr'>in</span> <span class='ocrx_word' id='word_1_26' title='bbox 560 714 622 779; x_wconf 88' lang='lat' dir='ltr'>hoc</span> <span class='ocrx_word' id='word_1_27' title='bbox 635 718 737 785; x_wconf 87' lang='lat' dir='ltr'>altero</span> <span class='ocrx_word' id='word_1_28' title='bbox 751 719 945 801; x_wconf 76' lang='lat' dir='ltr'>dicacitatis,</span> <span class='ocrx_word' id='word_1_29' title='bbox 955 725 1041 806; x_wconf 82' lang='lat' dir='ltr'>&#39;quid</span> <span class='ocrx_word' id='word_1_30' title='bbox 1057 725 1157 789; x_wconf 88' lang='lat' dir='ltr'>habet</span> 
     </span>
     <span class='ocr_line' id='line_1_5' title="bbox 144 834 1157 914; baseline 0.007 -8"><span class='ocrx_word' id='word_1_31' title='bbox 144 864 194 906; x_wconf 86' lang='lat' dir='ltr'>ars</span> <span class='ocrx_word' id='word_1_32' title='bbox 206 840 285 914; x_wconf 90' lang='lat' dir='ltr'>loci,</span> <span class='ocrx_word' id='word_1_33' title='bbox 310 862 387 902; x_wconf 89' lang='lat' dir='ltr'>cum</span> <span class='ocrx_word' id='word_1_34' title='bbox 401 853 473 904; x_wconf 87' lang='lat' dir='ltr'>ante</span> <span class='ocrx_word' id='word_1_35' title='bbox 487 839 570 900; x_wconf 87' lang='lat' dir='ltr'>illud</span> <span class='ocrx_word' id='word_1_36' title='bbox 587 839 692 904; x_wconf 85' lang='lat' dir='ltr'>facete</span> <span class='ocrx_word' id='word_1_37' title='bbox 702 841 829 904; x_wconf 80' lang='lat' dir='ltr'>&#39;dictum</span> <span class='ocrx_word' id='word_1_38' title='bbox 853 842 1009 906; x_wconf 84' lang='lat' dir='ltr'>emissum</span> <span class='ocrx_word' id='word_1_39' title='bbox 1029 834 1157 912; x_wconf 77' lang='lat' dir='ltr'>haerere</span> 
     </span>
     <span class='ocr_line' id='line_1_6' title="bbox 143 960 1157 1057; baseline 0.007 -27"><span class='ocrx_word' id='word_1_40' title='bbox 143 962 274 1046; x_wconf 85' lang='lat' dir='ltr'>debeat,</span> <span class='ocrx_word' id='word_1_41' title='bbox 300 988 399 1050; x_wconf 85' lang='lat' dir='ltr'>quam</span> <span class='ocrx_word' id='word_1_42' title='bbox 424 968 560 1051; x_wconf 83' lang='lat' dir='ltr'>cogitari</span> <span class='ocrx_word' id='word_1_43' title='bbox 583 968 729 1057; x_wconf 85' lang='lat' dir='ltr'>potuisse</span> <span class='ocrx_word' id='word_1_44' title='bbox 751 960 927 1034; x_wconf 82' lang='lat' dir='ltr'>videatur?</span> <span class='ocrx_word' id='word_1_45' title='bbox 948 972 1042 1048; x_wconf 74' lang='lat' dir='ltr'>Quin</span> <span class='ocrx_word' id='word_1_46' title='bbox 1061 974 1157 1037; x_wconf 89' lang='lat' dir='ltr'>enim</span> 
     </span>
     <span class='ocr_line' id='line_1_7' title="bbox 145 1080 1157 1180; baseline 0.004 -26"><span class='ocrx_word' id='word_1_47' title='bbox 145 1098 199 1168; x_wconf 73' lang='lat' dir='ltr'>hic</span> <span class='ocrx_word' id='word_1_48' title='bbox 214 1114 307 1155; x_wconf 89' lang='lat' dir='ltr'>meus</span> <span class='ocrx_word' id='word_1_49' title='bbox 321 1092 422 1153; x_wconf 84' lang='lat' dir='ltr'>frater</span> <span class='ocrx_word' id='word_1_50' title='bbox 440 1091 480 1154; x_wconf 84' lang='lat' dir='ltr'>ab</span> <span class='ocrx_word' id='word_1_51' title='bbox 494 1106 561 1154; x_wconf 87' lang='lat' dir='ltr'>arte</span> <span class='ocrx_word' id='word_1_52' title='bbox 575 1080 723 1179; x_wconf 78' lang='lat' dir='ltr'>adjuvaii</span> <span class='ocrx_word' id='word_1_53' title='bbox 735 1097 853 1179; x_wconf 89' lang='lat' dir='ltr'>potuit,</span> <span class='ocrx_word' id='word_1_54' title='bbox 878 1117 953 1159; x_wconf 90' lang='lat' dir='ltr'>cum</span> <span class='ocrx_word' id='word_1_55' title='bbox 968 1118 987 1158; x_wconf 90' lang='lat' dir='ltr'>a</span> <span class='ocrx_word' id='word_1_56' title='bbox 1002 1095 1157 1180; x_wconf 90' lang='lat' dir='ltr'>Philippo</span> 
     </span>
     <span class='ocr_line' id='line_1_8' title="bbox 146 1212 1157 1303; baseline 0.006 -26"><span class='ocrx_word' id='word_1_57' title='bbox 146 1217 375 1300; x_wconf 83' lang='lat' dir='ltr'>interrogatus,</span> <span class='ocrx_word' id='word_1_58' title='bbox 399 1216 479 1296; x_wconf 88' lang='lat' dir='ltr'>quid</span> <span class='ocrx_word' id='word_1_59' title='bbox 499 1215 643 1295; x_wconf 83' lang='lat' dir='ltr'>latraret,</span> <span class='ocrx_word' id='word_1_60' title='bbox 660 1216 775 1303; x_wconf 84' lang='lat' dir='ltr'>furem</span> <span class='ocrx_word' id='word_1_61' title='bbox 788 1241 821 1283; x_wconf 77' lang='lat' dir='ltr'>se</span> <span class='ocrx_word' id='word_1_62' title='bbox 834 1220 940 1285; x_wconf 83' lang='lat' dir='ltr'>uidere</span> <span class='ocrx_word' id='word_1_63' title='bbox 961 1212 1157 1302; x_wconf 75' lang='lat' dir='ltr'>respondit?</span> 
     </span>
     <span class='ocr_line' id='line_1_9' title="bbox 148 1336 1159 1423; baseline 0 -22"><span class='ocrx_word' id='word_1_64' title='bbox 148 1339 241 1414; x_wconf 78' lang='lat' dir='ltr'>Quid</span> <span class='ocrx_word' id='word_1_65' title='bbox 264 1337 298 1399; x_wconf 91' lang='lat' dir='ltr'>in</span> <span class='ocrx_word' id='word_1_66' title='bbox 311 1338 400 1399; x_wconf 86' lang='lat' dir='ltr'>omni</span> <span class='ocrx_word' id='word_1_67' title='bbox 414 1336 568 1398; x_wconf 90' lang='lat' dir='ltr'>oratione·</span> <span class='ocrx_word' id='word_1_68' title='bbox 579 1336 730 1416; x_wconf 79' lang='lat' dir='ltr'>Crassus,</span> <span class='ocrx_word' id='word_1_69' title='bbox 758 1340 809 1402; x_wconf 86' lang='lat' dir='ltr'>vel</span> <span class='ocrx_word' id='word_1_70' title='bbox 839 1341 926 1423; x_wconf 88' lang='lat' dir='ltr'>apud</span> <span class='ocrx_word' id='word_1_71' title='bbox 940 1339 1159 1402; x_wconf 81' lang='lat' dir='ltr'>centumviros</span> 
     </span>
     <span class='ocr_line' id='line_1_10' title="bbox 146 1456 1161 1538; baseline 0.003 -17"><span class='ocrx_word' id='word_1_72' title='bbox 146 1475 259 1522; x_wconf 81' lang='lat' dir='ltr'>eontra</span> <span class='ocrx_word' id='word_1_73' title='bbox 273 1457 465 1536; x_wconf 76' lang='lat' dir='ltr'>Scaevolam,</span> <span class='ocrx_word' id='word_1_74' title='bbox 478 1456 532 1519; x_wconf 87' lang='lat' dir='ltr'>vel</span> <span class='ocrx_word' id='word_1_75' title='bbox 546 1470 658 1520; x_wconf 84' lang='lat' dir='ltr'>contra</span> <span class='ocrx_word' id='word_1_76' title='bbox 671 1471 894 1521; x_wconf 81' lang='lat' dir='ltr'>accusatorem</span> <span class='ocrx_word' id='word_1_77' title='bbox 908 1458 1063 1538; x_wconf 86' lang='lat' dir='ltr'>Brutum,</span> <span class='ocrx_word' id='word_1_78' title='bbox 1086 1478 1161 1524; x_wconf 86' lang='lat' dir='ltr'>cum</span> 
     </span>
    </p>
   </div>
   <div class='ocr_carea' id='block_1_3' title="bbox 49 1575 1161 2146">
    <p class='ocr_par' dir='ltr' id='par_1_3' title="bbox 140 1575 1161 1776">
     <span class='ocr_line' id='line_1_11' title="bbox 140 1575 1161 1664; baseline 0.007 -24"><span class='ocrx_word' id='word_1_79' title='bbox 140 1600 199 1664; x_wconf 89' lang='lat' dir='ltr'>pro</span> <span class='ocrx_word' id='word_1_80' title='bbox 214 1580 274 1641; x_wconf 89' lang='lat' dir='ltr'>Cn.</span> <span class='ocrx_word' id='word_1_81' title='bbox 291 1581 412 1645; x_wconf 83' lang='lat' dir='ltr'>Planco</span> <span class='ocrx_word' id='word_1_82' title='bbox 432 1579 559 1641; x_wconf 88' lang='lat' dir='ltr'>diceret</span> <span class='ocrx_word' id='word_1_83' title='bbox 576 1583 588 1640; x_wconf 71' lang='grc' dir='ltr'><strong><em>ἓ</em></strong></span> <span class='ocrx_word' id='word_1_84' title='bbox 616 1583 706 1644; x_wconf 87' lang='lat' dir='ltr'>Nam</span> <span class='ocrx_word' id='word_1_85' title='bbox 720 1580 767 1658; x_wconf 86' lang='lat' dir='ltr'>id,</span> <span class='ocrx_word' id='word_1_86' title='bbox 781 1582 871 1663; x_wconf 92' lang='lat' dir='ltr'>quod</span> <span class='ocrx_word' id='word_1_87' title='bbox 884 1594 921 1644; x_wconf 82' lang='lat' dir='ltr'>tu</span> <span class='ocrx_word' id='word_1_88' title='bbox 934 1575 1015 1643; x_wconf 87' lang='lat' dir='ltr'>mihi</span> <span class='ocrx_word' id='word_1_89' title='bbox 1029 1584 1161 1663; x_wconf 75' lang='lat' dir='ltr'>tribuis,</span> 
     </span>
     <span class='ocr_line' id='line_1_12' title="bbox 145 1696 1158 1776; baseline 0.002 -13"><span class='ocrx_word' id='word_1_90' title='bbox 145 1699 286 1776; x_wconf 79' lang='lat' dir='ltr'>Antoni,</span> <span class='ocrx_word' id='word_1_91' title='bbox 311 1698 432 1761; x_wconf 80' lang='lat' dir='ltr'>Crasso</span> <span class='ocrx_word' id='word_1_92' title='bbox 446 1711 506 1775; x_wconf 90' lang='lat' dir='ltr'>est,</span> <span class='ocrx_word' id='word_1_93' title='bbox 529 1696 678 1759; x_wconf 88' lang='lat' dir='ltr'>omnium</span> <span class='ocrx_word' id='word_1_94' title='bbox 692 1699 865 1775; x_wconf 85' lang='lat' dir='ltr'>sententia,</span> <span class='ocrx_word' id='word_1_95' title='bbox 881 1701 1158 1765; x_wconf 78' lang='lat' dir='ltr'>concedendumt</span> 
     </span>
    </p>

    <p class='ocr_par' dir='ltr' id='par_1_4' title="bbox 144 1820 1160 1907">
     <span class='ocr_line' id='line_1_13' title="bbox 144 1820 1160 1907; baseline 0.003 -22"><span class='ocrx_word' id='word_1_96' title='bbox 144 1844 211 1886; x_wconf 89' lang='lat' dir='ltr'>non</span> <span class='ocrx_word' id='word_1_97' title='bbox 235 1822 324 1887; x_wconf 88' lang='lat' dir='ltr'>enim</span> <span class='ocrx_word' id='word_1_98' title='bbox 348 1820 417 1882; x_wconf 83' lang='lat' dir='ltr'>lere</span> <span class='ocrx_word' id='word_1_99' title='bbox 442 1821 616 1902; x_wconf 86' lang='lat' dir='ltr'>quisquam</span> <span class='ocrx_word' id='word_1_100' title='bbox 639 1823 832 1902; x_wconf 79' lang='lat' dir='ltr'>reperietur.</span> <span class='ocrx_word' id='word_1_101' title='bbox 855 1834 973 1907; x_wconf 65' lang='lat' dir='ltr'>prater</span> <span class='ocrx_word' id='word_1_102' title='bbox 998 1822 1097 1904; x_wconf 89' lang='lat' dir='ltr'>hunc,</span> <span class='ocrx_word' id='word_1_103' title='bbox 1124 1826 1160 1888; x_wconf 79' lang='lat' dir='ltr'>in</span> 
     </span>
    </p>

    <p class='ocr_par' dir='ltr' id='par_1_5' title="bbox 90 1940 1161 2040">
     <span class='ocr_line' id='line_1_14' title="bbox 90 1940 1161 2040; baseline -0.008 -30"><span class='ocrx_word' id='word_1_104' title='bbox 90 1956 92 1961; x_wconf 64' lang='lat'>‘</span> <span class='ocrx_word' id='word_1_105' title='bbox 148 1961 287 2029; x_wconf 89' lang='lat' dir='ltr'>utroque</span> <span class='ocrx_word' id='word_1_106' title='bbox 302 1960 419 2028; x_wconf 82' lang='lat' dir='ltr'>genere</span> <span class='ocrx_word' id='word_1_107' title='bbox 430 1942 551 2027; x_wconf 84' lang='lat' dir='ltr'>leporis</span> <span class='ocrx_word' id='word_1_108' title='bbox 565 1940 738 2040; x_wconf 79' lang='lat' dir='ltr'>excellens,</span> <span class='ocrx_word' id='word_1_109' title='bbox 759 1962 792 2003; x_wconf 89' lang='lat' dir='ltr'>et</span> <span class='ocrx_word' id='word_1_110' title='bbox 805 1941 874 2021; x_wconf 81' lang='lat' dir='ltr'>illo,</span> <span class='ocrx_word' id='word_1_111' title='bbox 896 1945 986 2025; x_wconf 89' lang='lat' dir='ltr'>quod</span> <span class='ocrx_word' id='word_1_112' title='bbox 997 1944 1030 2006; x_wconf 90' lang='lat' dir='ltr'>in</span> <span class='ocrx_word' id='word_1_113' title='bbox 1043 1967 1161 2033; x_wconf 71' lang='lat' dir='ltr'>perpe.</span> 
     </span>
    </p>

    <p class='ocr_par' dir='ltr' id='par_1_6' title="bbox 49 2058 1158 2146">
     <span class='ocr_line' id='line_1_15' title="bbox 49 2058 1158 2146; baseline 0.009 -23"><span class='ocrx_word' id='word_1_114' title='bbox 49 2058 53 2065; x_wconf 60' lang='lat'><strong>⁴</strong></span> <span class='ocrx_word' id='word_1_115' title='bbox 146 2063 262 2123; x_wconf 79' lang='lat' dir='ltr'>utitate</span> <span class='ocrx_word' id='word_1_116' title='bbox 277 2059 458 2135; x_wconf 79' lang='lat' dir='ltr'>sermonis,</span> <span class='ocrx_word' id='word_1_117' title='bbox 470 2072 504 2123; x_wconf 91' lang='lat' dir='ltr'>et</span> <span class='ocrx_word' id='word_1_118' title='bbox 517 2061 592 2137; x_wconf 89' lang='lat' dir='ltr'>hoc,</span> <span class='ocrx_word' id='word_1_119' title='bbox 619 2063 710 2142; x_wconf 91' lang='lat' dir='ltr'>quod</span> <span class='ocrx_word' id='word_1_120' title='bbox 730 2060 764 2121; x_wconf 90' lang='lat' dir='ltr'>in</span> <span class='ocrx_word' id='word_1_121' title='bbox 777 2059 941 2124; x_wconf 88' lang='lat' dir='ltr'>celeritate</span> <span class='ocrx_word' id='word_1_122' title='bbox 955 2076 1053 2146; x_wconf 88' lang='lat' dir='ltr'>atque</span> <span class='ocrx_word' id='word_1_123' title='bbox 1069 2068 1158 2132; x_wconf 88' lang='lat' dir='ltr'>dicto</span> 
     </span>
    </p>
   </div>
   <div class='ocr_carea' id='block_1_4' title="bbox 144 2178 1158 2395">
    <p class='ocr_par' dir='ltr' id='par_1_7' title="bbox 144 2178 1158 2395">
     <span class='ocr_line' id='line_1_16' title="bbox 144 2178 1158 2264; baseline 0.006 -19"><span class='ocrx_word' id='word_1_124' title='bbox 144 2197 204 2246; x_wconf 83' lang='lat' dir='ltr'>est.</span> <span class='ocrx_word' id='word_1_125' title='bbox 264 2182 355 2243; x_wconf 88' lang='lat' dir='ltr'>Nam</span> <span class='ocrx_word' id='word_1_126' title='bbox 380 2178 452 2241; x_wconf 81' lang='lat' dir='ltr'>haeo</span> <span class='ocrx_word' id='word_1_127' title='bbox 476 2195 635 2264; x_wconf 89' lang='lat' dir='ltr'>perpetua</span> <span class='ocrx_word' id='word_1_128' title='bbox 662 2197 777 2246; x_wconf 88' lang='lat' dir='ltr'>contra</span> <span class='ocrx_word' id='word_1_129' title='bbox 803 2185 988 2250; x_wconf 73' lang='lat' dir='ltr'>Scaevolam</span> <span class='ocrx_word' id='word_1_130' title='bbox 1015 2188 1158 2258; x_wconf 75' lang='lat' dir='ltr'>Curiana</span> 
     </span>
     <span class='ocr_line' id='line_1_17' title="bbox 144 2299 1155 2395; baseline 0.002 -27"><span class='ocrx_word' id='word_1_131' title='bbox 144 2301 293 2368; x_wconf 83' lang='lat' dir='ltr'>defensio</span> <span class='ocrx_word' id='word_1_132' title='bbox 315 2314 385 2364; x_wconf 88' lang='lat' dir='ltr'>tota</span> <span class='ocrx_word' id='word_1_133' title='bbox 410 2299 607 2364; x_wconf 86' lang='lat' dir='ltr'>redundavit</span> <span class='ocrx_word' id='word_1_134' title='bbox 634 2302 799 2365; x_wconf 82' lang='lat' dir='ltr'>hilaritate</span> <span class='ocrx_word' id='word_1_135' title='bbox 827 2308 969 2386; x_wconf 87' lang='lat' dir='ltr'>quadam</span> <span class='ocrx_word' id='word_1_136' title='bbox 996 2324 1029 2371; x_wconf 93' lang='lat' dir='ltr'>et</span> <span class='ocrx_word' id='word_1_137' title='bbox 1050 2312 1155 2395; x_wconf 80' lang='lat' dir='ltr'>joc03</span> 
     </span>
    </p>
   </div>
   <div class='ocr_carea' id='block_1_5' title="bbox 75 2421 1161 3498">
    <p class='ocr_par' dir='ltr' id='par_1_8' title="bbox 75 2421 1161 3498">
     <span class='ocr_line' id='line_1_18' title="bbox 146 2421 1158 2513; baseline 0.01 -24"><span class='ocrx_word' id='word_1_138' title='bbox 146 2427 236 2491; x_wconf 90' lang='lat' dir='ltr'>dicta</span> <span class='ocrx_word' id='word_1_139' title='bbox 257 2425 313 2488; x_wconf 92' lang='lat' dir='ltr'>illa</span> <span class='ocrx_word' id='word_1_140' title='bbox 333 2421 448 2488; x_wconf 86' lang='lat' dir='ltr'>brevia</span> <span class='ocrx_word' id='word_1_141' title='bbox 471 2441 537 2485; x_wconf 89' lang='lat' dir='ltr'>non</span> <span class='ocrx_word' id='word_1_142' title='bbox 549 2421 683 2485; x_wconf 78' lang='lat' dir='ltr'>habuit:</span> <span class='ocrx_word' id='word_1_143' title='bbox 706 2424 858 2509; x_wconf 82' lang='lat' dir='ltr'>parcebat</span> <span class='ocrx_word' id='word_1_144' title='bbox 870 2428 960 2490; x_wconf 90' lang='lat' dir='ltr'>enim</span> <span class='ocrx_word' id='word_1_145' title='bbox 974 2431 1158 2513; x_wconf 78' lang='lat' dir='ltr'>adversarii</span> 
     </span>
     <span class='ocr_line' id='line_1_19' title="bbox 145 2527 1160 2640; baseline -0.006 -22"><span class='ocrx_word' id='word_1_146' title='bbox 145 2552 310 2640; x_wconf 78' lang='lat' dir='ltr'>dignitati,</span> <span class='ocrx_word' id='word_1_147' title='bbox 324 2551 359 2614; x_wconf 91' lang='lat' dir='ltr'>in</span> <span class='ocrx_word' id='word_1_148' title='bbox 371 2572 437 2634; x_wconf 92' lang='lat' dir='ltr'>quo</span> <span class='ocrx_word' id='word_1_149' title='bbox 450 2550 521 2633; x_wconf 89' lang='lat' dir='ltr'>ipse</span> <span class='ocrx_word' id='word_1_150' title='bbox 534 2527 683 2614; x_wconf 79' lang='lat' dir='ltr'>servabat</span> <span class='ocrx_word' id='word_1_151' title='bbox 696 2571 787 2613; x_wconf 87' lang='lat' dir='ltr'>suam</span> <span class='ocrx_word' id='word_1_152' title='bbox 803 2577 812 2625; x_wconf 89' lang='lat'>;</span> <span class='ocrx_word' id='word_1_153' title='bbox 835 2553 924 2634; x_wconf 88' lang='lat' dir='ltr'>quod</span> <span class='ocrx_word' id='word_1_154' title='bbox 944 2566 994 2626; x_wconf 81' lang='lat' dir='ltr'>est</span> <span class='ocrx_word' id='word_1_155' title='bbox 1013 2555 1160 2622; x_wconf 89' lang='lat' dir='ltr'>homini.</span> 
     </span>
     <span class='ocr_line' id='line_1_20' title="bbox 144 2671 1160 2756; baseline 0.001 -16"><span class='ocrx_word' id='word_1_156' title='bbox 144 2678 204 2740; x_wconf 87' lang='lat' dir='ltr'>bus</span> <span class='ocrx_word' id='word_1_157' title='bbox 227 2671 341 2738; x_wconf 82' lang='lat' dir='ltr'>facetis</span> <span class='ocrx_word' id='word_1_158' title='bbox 365 2685 399 2736; x_wconf 86' lang='lat' dir='ltr'>et</span> <span class='ocrx_word' id='word_1_159' title='bbox 411 2671 581 2735; x_wconf 84' lang='lat' dir='ltr'>dicacibus</span> <span class='ocrx_word' id='word_1_160' title='bbox 601 2671 841 2753; x_wconf 86' lang='lat' dir='ltr'>difficillimum,</span> <span class='ocrx_word' id='word_1_161' title='bbox 852 2673 970 2739; x_wconf 84' lang='lat' dir='ltr'>habere</span> <span class='ocrx_word' id='word_1_162' title='bbox 982 2676 1160 2756; x_wconf 80' lang='lat' dir='ltr'>hominum</span> 
     </span>
     <span class='ocr_line' id='line_1_21' title="bbox 75 2794 1160 2882; baseline 0.006 -24"><span class='ocrx_word' id='word_1_163' title='bbox 75 2823 85 2840; x_wconf 84' lang='lat'><strong>·</strong></span> <span class='ocrx_word' id='word_1_164' title='bbox 146 2794 306 2860; x_wconf 83' lang='lat' dir='ltr'>rationem</span> <span class='ocrx_word' id='word_1_165' title='bbox 320 2804 353 2854; x_wconf 92' lang='lat' dir='ltr'>et</span> <span class='ocrx_word' id='word_1_166' title='bbox 363 2804 560 2874; x_wconf 90' lang='lat' dir='ltr'>temporum,</span> <span class='ocrx_word' id='word_1_167' title='bbox 584 2803 618 2860; x_wconf 79' lang='lat' dir='ltr'>et</span> <span class='ocrx_word' id='word_1_168' title='bbox 639 2811 690 2869; x_wconf 86' lang='lat' dir='ltr'>ea,</span> <span class='ocrx_word' id='word_1_169' title='bbox 713 2814 787 2873; x_wconf 82' lang='lat' dir='ltr'>quae</span> <span class='ocrx_word' id='word_1_170' title='bbox 802 2810 985 2882; x_wconf 82' lang='lat' dir='ltr'>occurrant,</span> <span class='ocrx_word' id='word_1_171' title='bbox 1011 2819 1086 2862; x_wconf 90' lang='lat' dir='ltr'>cum</span> <span class='ocrx_word' id='word_1_172' title='bbox 1097 2800 1160 2866; x_wconf 80' lang='lat' dir='ltr'>sal-</span> 
     </span>
     <span class='ocr_line' id='line_1_22' title="bbox 148 2914 1159 2999; baseline 0 -16"><span class='ocrx_word' id='word_1_173' title='bbox 148 2918 276 2988; x_wconf 87' lang='lat' dir='ltr'>sissime</span> <span class='ocrx_word' id='word_1_174' title='bbox 299 2915 366 2981; x_wconf 90' lang='lat' dir='ltr'>dici</span> <span class='ocrx_word' id='word_1_175' title='bbox 390 2914 526 2999; x_wconf 85' lang='lat' dir='ltr'>possint,</span> <span class='ocrx_word' id='word_1_176' title='bbox 552 2926 674 2979; x_wconf 80' lang='lat' dir='ltr'>tenere.</span> <span class='ocrx_word' id='word_1_177' title='bbox 723 2915 840 2997; x_wconf 87' lang='lat' dir='ltr'>Itaque</span> <span class='ocrx_word' id='word_1_178' title='bbox 854 2920 1002 2995; x_wconf 84' lang='lat' dir='ltr'>nonnulli</span> <span class='ocrx_word' id='word_1_179' title='bbox 1026 2923 1159 2989; x_wconf 83' lang='lat' dir='ltr'>ridiculi</span> 
     </span>
     <span class='ocr_line' id='line_1_23' title="bbox 147 3037 1159 3125; baseline 0.006 -17"><span class='ocrx_word' id='word_1_180' title='bbox 147 3043 297 3109; x_wconf 84' lang='lat' dir='ltr'>homines</span> <span class='ocrx_word' id='word_1_181' title='bbox 325 3042 389 3105; x_wconf 89' lang='lat' dir='ltr'>hoc</span> <span class='ocrx_word' id='word_1_182' title='bbox 413 3042 520 3125; x_wconf 88' lang='lat' dir='ltr'>ipsum</span> <span class='ocrx_word' id='word_1_183' title='bbox 532 3060 598 3102; x_wconf 89' lang='lat' dir='ltr'>nou</span> <span class='ocrx_word' id='word_1_184' title='bbox 612 3037 733 3102; x_wconf 84' lang='lat' dir='ltr'>insulse</span> <span class='ocrx_word' id='word_1_185' title='bbox 748 3039 1000 3124; x_wconf 85' lang='lat' dir='ltr'>interpretantur</span> <span class='ocrx_word' id='word_1_186' title='bbox 1013 3068 1022 3106; x_wconf 72' lang='grc' dir='ltr'><strong>ι</strong></span> <span class='ocrx_word' id='word_1_187' title='bbox 1045 3047 1159 3114; x_wconf 85' lang='lat' dir='ltr'>dicere</span> 
     </span>
     <span class='ocr_line' id='line_1_24' title="bbox 146 3164 1161 3251; baseline 0.007 -22"><span class='ocrx_word' id='word_1_188' title='bbox 146 3168 237 3231; x_wconf 86' lang='lat' dir='ltr'>enim</span> <span class='ocrx_word' id='word_1_189' title='bbox 250 3167 342 3231; x_wconf 88' lang='lat' dir='ltr'>aiunt</span> <span class='ocrx_word' id='word_1_190' title='bbox 356 3164 513 3242; x_wconf 86' lang='lat' dir='ltr'>Ennium,</span> <span class='ocrx_word' id='word_1_191' title='bbox 524 3164 688 3251; x_wconf 82' lang='lat' dir='ltr'>stammam</span> <span class='ocrx_word' id='word_1_192' title='bbox 708 3184 729 3224; x_wconf 84' lang='lat' dir='ltr'>a</span> <span class='ocrx_word' id='word_1_193' title='bbox 752 3165 892 3251; x_wconf 78' lang='lat' dir='ltr'>sapiente</span> <span class='ocrx_word' id='word_1_194' title='bbox 905 3165 1041 3251; x_wconf 80' lang='lat' dir='ltr'>facilius</span> <span class='ocrx_word' id='word_1_195' title='bbox 1054 3190 1111 3235; x_wconf 85' lang='lat' dir='ltr'>ore</span> <span class='ocrx_word' id='word_1_196' title='bbox 1123 3171 1161 3238; x_wconf 84' lang='lat' dir='ltr'>in</span> 
     </span>
     <span class='ocr_line' id='line_1_25' title="bbox 147 3286 1161 3375; baseline 0.004 -24"><span class='ocrx_word' id='word_1_197' title='bbox 147 3292 278 3354; x_wconf 78' lang='lat' dir='ltr'>ardente</span> <span class='ocrx_word' id='word_1_198' title='bbox 307 3292 452 3375; x_wconf 85' lang='lat' dir='ltr'>opprimi,</span> <span class='ocrx_word' id='word_1_199' title='bbox 478 3308 569 3375; x_wconf 82' lang='lat' dir='ltr'>quam</span> <span class='ocrx_word' id='word_1_200' title='bbox 595 3286 675 3353; x_wconf 85' lang='lat' dir='ltr'>bona</span> <span class='ocrx_word' id='word_1_201' title='bbox 698 3289 782 3357; x_wconf 81' lang='lat' dir='ltr'>dicta</span> <span class='ocrx_word' id='word_1_202' title='bbox 805 3299 932 3355; x_wconf 82' lang='lat' dir='ltr'>teneat:</span> <span class='ocrx_word' id='word_1_203' title='bbox 951 3290 1161 3357; x_wconf 82' lang='lat' dir='ltr'>haecscilicet</span> 
     </span>
     <span class='ocr_line' id='line_1_26' title="bbox 145 3407 1158 3498; baseline 0.007 -27"><span class='ocrx_word' id='word_1_204' title='bbox 145 3409 232 3472; x_wconf 85' lang='lat' dir='ltr'>bona</span> <span class='ocrx_word' id='word_1_205' title='bbox 254 3409 354 3488; x_wconf 85' lang='lat' dir='ltr'>dicta,</span> <span class='ocrx_word' id='word_1_206' title='bbox 379 3428 450 3490; x_wconf 82' lang='lat' dir='ltr'>quae</span> <span class='ocrx_word' id='word_1_207' title='bbox 472 3407 556 3467; x_wconf 82' lang='lat' dir='ltr'>salsa</span> <span class='ocrx_word' id='word_1_208' title='bbox 579 3407 668 3473; x_wconf 89' lang='lat' dir='ltr'>sint:</span> <span class='ocrx_word' id='word_1_209' title='bbox 691 3431 768 3474; x_wconf 88' lang='lat' dir='ltr'>nam</span> <span class='ocrx_word' id='word_1_210' title='bbox 792 3433 831 3475; x_wconf 89' lang='lat' dir='ltr'>ea</span> <span class='ocrx_word' id='word_1_211' title='bbox 853 3415 937 3478; x_wconf 84' lang='lat' dir='ltr'>dicta</span> <span class='ocrx_word' id='word_1_212' title='bbox 960 3415 1158 3498; x_wconf 86' lang='lat' dir='ltr'>appellantur</span> 
     </span>
    </p>
   </div>
   <div class='ocr_carea' id='block_1_6' title="bbox 145 3528 564 3620">
    <p class='ocr_par' dir='ltr' id='par_1_9' title="bbox 145 3528 564 3620">
     <span class='ocr_line' id='line_1_27' title="bbox 145 3528 564 3620; baseline -0.014 -23"><span class='ocrx_word' id='word_1_213' title='bbox 145 3535 278 3619; x_wconf 90' lang='lat' dir='ltr'>proprio</span> <span class='ocrx_word' id='word_1_214' title='bbox 292 3556 364 3620; x_wconf 80' lang='lat' dir='ltr'>Jam</span> <span class='ocrx_word' id='word_1_215' title='bbox 385 3528 528 3593; x_wconf 82' lang='lat' dir='ltr'>nomine.</span> <span class='ocrx_word' id='word_1_216' title='bbox 562 3537 564 3540; x_wconf 82' lang='grc'><strong>’</strong></span> 
     </span>
    </p>
   </div>
   <div class='ocr_carea' id='block_1_7' title="bbox 148 3767 1158 3971">
    <p class='ocr_par' dir='ltr' id='par_1_10' title="bbox 148 3767 1158 3971">
     <span class='ocr_line' id='line_1_28' title="bbox 192 3767 1158 3849; baseline -0.002 -14"><span class='ocrx_word' id='word_1_217' title='bbox 192 3775 205 3849; x_wconf 75' lang='lat' dir='ltr'>l</span> <span class='ocrx_word' id='word_1_218' title='bbox 230 3774 306 3839; x_wconf 83' lang='lat' dir='ltr'>LV.</span> <span class='ocrx_word' id='word_1_219' title='bbox 354 3769 421 3832; x_wconf 87' lang='lat' dir='ltr'>Sed</span> <span class='ocrx_word' id='word_1_220' title='bbox 435 3782 471 3831; x_wconf 92' lang='lat' dir='ltr'>ut</span> <span class='ocrx_word' id='word_1_221' title='bbox 492 3769 525 3831; x_wconf 88' lang='lat' dir='ltr'>in</span> <span class='ocrx_word' id='word_1_222' title='bbox 549 3769 695 3835; x_wconf 81' lang='lat' dir='ltr'>Scaevola</span> <span class='ocrx_word' id='word_1_223' title='bbox 715 3767 874 3831; x_wconf 88' lang='lat' dir='ltr'>continuit</span> <span class='ocrx_word' id='word_1_224' title='bbox 887 3790 926 3832; x_wconf 87' lang='lat' dir='ltr'>ea</span> <span class='ocrx_word' id='word_1_225' title='bbox 939 3767 1089 3847; x_wconf 86' lang='lat' dir='ltr'>Crassus,</span> <span class='ocrx_word' id='word_1_226' title='bbox 1112 3784 1158 3833; x_wconf 83' lang='lat' dir='ltr'>at-</span> 
     </span>
     <span class='ocr_line' id='line_1_29' title="bbox 148 3881 1156 3971; baseline -0.004 -22"><span class='ocrx_word' id='word_1_227' title='bbox 148 3908 208 3971; x_wconf 86' lang='lat' dir='ltr'>que</span> <span class='ocrx_word' id='word_1_228' title='bbox 225 3883 280 3947; x_wconf 92' lang='lat' dir='ltr'>illo</span> <span class='ocrx_word' id='word_1_229' title='bbox 295 3881 396 3947; x_wconf 90' lang='lat' dir='ltr'>altero</span> <span class='ocrx_word' id='word_1_230' title='bbox 410 3906 539 3970; x_wconf 84' lang='lat' dir='ltr'>genere,</span> <span class='ocrx_word' id='word_1_231' title='bbox 551 3886 585 3947; x_wconf 88' lang='lat' dir='ltr'>in</span> <span class='ocrx_word' id='word_1_232' title='bbox 594 3904 657 3968; x_wconf 91' lang='lat' dir='ltr'>quo</span> <span class='ocrx_word' id='word_1_233' title='bbox 670 3882 752 3946; x_wconf 88' lang='lat' dir='ltr'>nulli</span> <span class='ocrx_word' id='word_1_234' title='bbox 766 3881 869 3944; x_wconf 88' lang='lat' dir='ltr'>aculei</span> <span class='ocrx_word' id='word_1_235' title='bbox 884 3883 1156 3947; x_wconf 84' lang='lat' dir='ltr'>contumeliarum</span> 
     </span>
    </p>
   </div>
   <div class='ocr_carea' id='block_1_8' title="bbox 108 4004 1164 4340">
    <p class='ocr_par' dir='ltr' id='par_1_11' title="bbox 108 4004 1164 4340">
     <span class='ocr_line' id='line_1_30' title="bbox 148 4004 1156 4091; baseline -0.007 -19"><span class='ocrx_word' id='word_1_236' title='bbox 148 4009 285 4083; x_wconf 87' lang='lat' dir='ltr'>inerant,</span> <span class='ocrx_word' id='word_1_237' title='bbox 310 4028 458 4071; x_wconf 85' lang='lat' dir='ltr'>caussam</span> <span class='ocrx_word' id='word_1_238' title='bbox 482 4006 571 4069; x_wconf 89' lang='lat' dir='ltr'>illam</span> <span class='ocrx_word' id='word_1_239' title='bbox 594 4005 912 4091; x_wconf 87' lang='lat' dir='ltr'>disputationemque</span> <span class='ocrx_word' id='word_1_240' title='bbox 927 4004 1028 4080; x_wconf 72' lang='lat' dir='ltr'>lusit,</span> <span class='ocrx_word' id='word_1_241' title='bbox 1052 4005 1099 4067; x_wconf 89' lang='lat' dir='ltr'>sic</span> <span class='ocrx_word' id='word_1_242' title='bbox 1122 4004 1156 4066; x_wconf 90' lang='lat' dir='ltr'>in</span> 
     </span>
     <span class='ocr_line' id='line_1_31' title="bbox 108 4126 1157 4215; baseline -0.007 -20"><span class='ocrx_word' id='word_1_243' title='bbox 108 4126 112 4137; x_wconf 82' lang='lat'>&#39;</span> <span class='ocrx_word' id='word_1_244' title='bbox 151 4133 265 4208; x_wconf 90' lang='lat' dir='ltr'>Brut0,</span> <span class='ocrx_word' id='word_1_245' title='bbox 287 4150 385 4211; x_wconf 85' lang='lat' dir='ltr'>quem</span> <span class='ocrx_word' id='word_1_246' title='bbox 399 4132 524 4208; x_wconf 83' lang='lat' dir='ltr'>oderat,</span> <span class='ocrx_word' id='word_1_247' title='bbox 547 4145 579 4194; x_wconf 89' lang='lat' dir='ltr'>et</span> <span class='ocrx_word' id='word_1_248' title='bbox 593 4153 692 4213; x_wconf 91' lang='lat' dir='ltr'>quem</span> <span class='ocrx_word' id='word_1_249' title='bbox 706 4130 843 4214; x_wconf 86' lang='lat' dir='ltr'>dignum</span> <span class='ocrx_word' id='word_1_250' title='bbox 856 4129 1053 4212; x_wconf 83' lang='lat' dir='ltr'>contumelia</span> <span class='ocrx_word' id='word_1_251' title='bbox 1067 4126 1157 4215; x_wconf 84' lang='lat' dir='ltr'>judi·</span> 
     </span>
     <span class='ocr_line' id='line_1_32' title="bbox 660 4239 1164 4340; baseline -0.01 -20"><span class='ocrx_word' id='word_1_252' title='bbox 660 4239 663 4246; x_wconf 40' lang='grc'>’</span> <span class='ocrx_word' id='word_1_253' title='bbox 1052 4251 1164 4340; x_wconf 64' lang='lat' dir='ltr'>cahat,</span> 
     </span>
    </p>
   </div>
   <div class='ocr_carea' id='block_1_9' title="bbox 0 0 1381 4950">
    <p class='ocr_par' dir='ltr' id='par_1_12' title="bbox 0 0 1381 4950">
     <span class='ocr_line' id='line_1_33' title="bbox 0 0 1381 4950; baseline 0 0"><span class='ocrx_word' id='word_1_254' title='bbox 0 0 1381 4950; x_wconf 95' lang='lat' dir='ltr'> </span> 
     </span>
    </p>
   </div>
  </div>
 </body>
</html>
