2742 4950
186 354 292 413 124Υ
462 344 537 405 Da
595 300 901 405 osseos:

182 533 321 597 nemque
329 508 489 575 reddidit:
501 529 579 570 nam
586 507 740 571 hesterno
749 506 900 572 sermone
912 496 1008 578 unius
1018 502 1196 595 cujusdam¹
1292 574 1295 586 ,

182 634 298 718 operis,
318 644 354 693 ut
366 630 412 692 ait
426 629 594 708 Caecilius
616 633 777 716 remigem
798 631 941 712 aliquem
964 643 1019 692 aut
1042 610 1201 732 bajulum

179 755 271 820 nobis
284 764 449 818 oratorem
462 748 728 837 descripseras,
721 766 852 836 inopem
864 741 1027 834 qu'e'ndam
1040 748 1204 816 humani·
1270 817 1274 821 ,

178 877 268 957 tatis,
293 890 392 960 atque
406 875 610 940 inurbanum
657 840 748 936 Tum
772 868 949 955 Antonius,
977 856 1058 937 lieri
1089 875 1202 958 enim,

180 1003 300 1086 inquit,
319 1006 383 1069 hoc
397 1005 479 1069 mihi
492 1002 736 1090 proposueram,
753 1016 802 1081 ut,
821 1002 849 1063 si
863 1018 895 1065 te
909 996 1119 1083 refellissem,
1133 1005 1202 1071 hos

183 1142 246 1195 ate
269 1132 446 1217 discipulos
463 1108 688 1197 abducerem:
711 1153 809 1208 nunc,
835 1120 953 1195 Catulo
978 1132 1136 1196 audiente
1167 1118 1205 1201 et

184 1251 326 1332 Caesare,
348 1256 464 1317 videor
476 1257 594 1319 debere
613 1276 679 1316 non
692 1238 760 1319 tani
773 1274 918 1339 pugnare
938 1244 1056 1333 tecum,
1069 1245 1071 1249 ¹
1083 1278 1205 1341 quam,

132 1438 136 1449 ,
183 1354 262 1451 quid
284 1371 352 1455 ipse
376 1358 526 1449 sentiam,
553 1369 674 1434 dicere.
722 1346 880 1450 Sequitur
903 1366 1016 1452 igitur,
1042 1356 1208 1454 quoniam
1250 1450 1252 1459 Ι

182 1488 277 1550 nobis
291 1506 340 1553 est
352 1493 417 1572 hic,
444 1495 484 1556 de
507 1514 572 1575 quo
584 1490 762 1573 loquimur,
786 1487 820 1549 in
843 1486 916 1585 foro
930 1502 1027 1573 atque
1043 1486 1076 1551 in
1092 1486 1206 1565 oculis

183 1610 304 1675 civium
331 1615 587 1692 constituendus,
622 1627 659 1675 ut
691 1614 874 1690 videamus,
907 1613 988 1694 quid
1013 1611 1043 1679 ei
1069 1616 1205 1698 negotii

103 1723 105 1727 Ι
188 1736 317 1820 demus,
343 1744 461 1826 cuique
485 1764 560 1807 eum
574 1739 701 1804 muneri
714 1740 854 1807 velimus
876 1760 946 1803 esse
971 1741 1206 1824 praepositum.

187 1865 277 1927 Nam
300 1866 437 1932 Crassus
451 1842 534 1946 lteri,
558 1890 634 1930 cum
645 1887 717 1946 vos,
738 1864 854 1927 Catule
869 1877 902 1925 et
915 1849 1034 1944 Caesar,
1057 1888 1129 1929 non
1143 1866 1206 1941 ad·

187 1991 315 2064 essetis,
348 1991 464 2070 posuit
489 1991 632 2055 breviter
667 1988 703 2050 in
728 1987 805 2051 artis
831 1983 1060 2049 distributione
1097 1958 1207 2068 idem,

186 2102 275 2203 quod
289 2105 398 2165 Graeci
419 2107 566 2187 plerique
580 2121 780 2192 posuerunt:
803 2127 911 2189 neque
925 2127 1013 2189 sane,
1034 2108 1119 2203 qpid
1133 2109 1207 2194 ipse
1222 2090 1225 2095 ¹

186 2221 331 2301 sentiret,
343 2226 402 2288 sed
413 2227 493 2321 quid
504 2228 544 2298 ab
556 2228 620 2289 illis
634 2229 809 2308 diceretur,
824 2232 969 2294 ostendit
978 2259 987 2309 ς
1013 2206 1081 2295 duo
1095 2236 1208 2318 prima

140 2337 144 2345 “
187 2342 523 2424 generaquestionum
534 2364 616 2421 esse,
630 2344 664 2405 in
675 2343 794 2425 quibus
805 2324 991 2426 eloquentia
1001 2368 1207 2434 versaretur,

185 2486 288 2531 unum
302 2465 476 2548 infinitum,
489 2469 626 2533 alterum
639 2483 774 2534 certum.
810 2469 988 2568 ,Infinitum
1002 2474 1087 2538 mihi
1101 2480 1205 2541 —vide-

111 2669 113 2674 Ι
189 2586 285 2651 batur
298 2589 333 2653 id
346 2591 467 2671 dicere,
490 2597 525 2657 in
547 2615 612 2678 quo
634 2593 758 2677 aliquid
782 2595 959 2680 generatim
983 2597 1204 2683 quaereretur,

187 2708 251 2810 lroe
264 2711 363 2772 modo
379 2736 387 2785 ς
411 2713 643 2799 Expetendane
657 2734 745 2784 esset
758 2720 962 2816 eloquentia3
985 2711 1206 2805 expetendine

190 2826 331 2893 honores
347 2854 355 2892 ε
380 2847 504 2898 certum
524 2851 644 2917 autem,
668 2839 703 2901 in
717 2862 782 2923 quo
796 2813 876 2925 quid
890 2842 923 2903 in
936 2847 1099 2928 personis,
1124 2862 1158 2913 et
1172 2849 1205 2910 in

165 2980 168 2990 f
191 2953 367 3019 constituta
388 2978 422 3022 re
445 2971 478 3020 et
499 2960 636 3026 definita
655 2977 880 3046 quaerentum
905 2937 1093 3049 cujusmodi
1117 2985 1205 3050 sunt,

191 3096 262 3157 quae
277 3078 311 3140 in
324 3080 395 3144 foro
410 3097 506 3165 atque
521 3084 554 3146 in
570 3084 693 3148 civium
707 3085 828 3149 caussis
842 3086 1204 3175 disceptationibusque

190 3215 373 3288 versantur.
419 3204 471 3269 Ea
483 3207 564 3269 mihi
577 3208 729 3272 videntur
744 3223 799 3273 aut
821 3210 854 3272 in
866 3208 923 3271 lite
938 3208 1134 3291 ordinanda,
1148 3225 1205 3274 aut

128 3313 151 3359 J
190 3321 226 3384 in
240 3325 380 3400 consilio¹
387 3328 495 3391 dando
509 3351 578 3393 esse
591 3332 698 3413 posita
712 3358 720 3396 z
744 3357 821 3400 nam
842 3315 922 3412 illud
940 3334 1089 3411 tertium,
1114 3335 1204 3418 quod

134 3511 136 3514 ι
192 3450 226 3515 et
238 3459 257 3502 a
271 3433 390 3504 Crasso
401 3454 525 3506 tactum
537 3458 598 3526 est,
608 3461 651 3526 et,
658 3465 702 3516 ut
713 3453 825 3532 audio,
844 3452 899 3515 ille
908 3454 976 3537 ipse
985 3453 1201 3533 Aristoteles,

192 3564 248 3644 qui
262 3564 328 3628 haec
341 3567 484 3632 maxime
498 3549 683 3652 illustrauit,
696 3574 858 3659 adjunxit,
871 3575 1000 3650 etiamsi
1013 3574 1123 3656 opus*
1141 3590 1203 3655 est,

191 3693 302 3772 tamen
315 3687 423 3750 minus
441 3703 490 3751 est
508 3691 738 3756 necessarium
781 3685 981 3767 Quidnam?
1005 3691 1112 3775 inquit
1138 3694 1203 3759 Ca·

192 3801 302 3877 tulus;
338 3828 380 3871 an
403 3807 632 3876 laudationes?
668 3813 703 3879 id
720 3811 815 3878 enim
836 3811 948 3896 video
983 3800 1061 3896 poni
1097 3836 1202 3928 genus

193 3928 336 3994 tertium.

1047 4079 1050 4086 ’
1099 4054 1198 4132 txl.

222 4306 234 4374 ᾗ*
253 4306 324 4375 Opas,
335 4307 487 4362 convenient.
521 4305 553 4361 ln
561 4301 631 4359 otlier
638 4323 764 4377 passages,
777 4295 867 4363 Cicero
876 4322 931 4359 uses
940 4301 995 4377 qtae
1008 4303 1091 4359 inthis
1101 4310 1177 4354 senat·
