2742 4950
525 346 895 429 ‘intenlio
1173 374 1215 437 π

207 550 271 605 tut
281 529 462 600 excitandis
473 531 767 615 expromendaost.
803 533 953 598 Accedat
962 532 1223 620 eodemoportet'

211 657 299 749 lepos
313 652 453 747 quidam
463 657 666 744 facetiaeque,
679 673 713 723 et
724 658 870 724 eruditio
880 660 984 727 libero
998 662 1109 747 digna,
1134 662 1219 728 cele·

206 788 352 875 ritasque
365 804 400 855 et
414 787 558 854 brevitas
572 802 606 853 et
617 786 838 872 respondendi
852 799 886 850 et
894 786 1087 869 lacessendi,
1107 788 1217 855 subtili

205 932 381 984 venustate
408 930 507 1002 atque
527 910 714 980 urbanitate
737 914 920 1003 conjuncta.
964 915 1124 982 Tenenda
1142 936 1218 1000 prae·

202 1059 299 1109 terea
314 1058 364 1110 est
377 1047 484 1109 omnis
503 1045 680 1128 antiquitas
702 1045 993 1129 exemplorumque
1014 1043 1088 1105 vis:
1113 1060 1219 1122 neque

205 1158 322 1250 legum
335 1178 391 1231 aut
400 1164 513 1251 juris*
535 1158 642 1228 civilis
664 1164 803 1228 scientia
813 1162 1011 1249 negligenda
1021 1177 1082 1228 est.
1129 1160 1219 1224 Nam

192 1288 293 1377 ,quid
304 1311 368 1374 ego
390 1289 434 1350 de
447 1282 570 1351 actione
585 1286 654 1371 ipsa
674 1287 767 1371 plura
778 1287 913 1353 dicam?
937 1308 1009 1370 quae
1031 1295 1125 1349 motu
1149 1307 1219 1350 cor·

209 1411 315 1497 poris,
335 1427 404 1491 quae
417 1419 523 1490 gestu,
545 1428 618 1490 quae
632 1407 738 1485 vultu,
759 1428 830 1490 quae
844 1401 937 1470 vocis
960 1398 1217 1469 conformatione

207 1554 246 1597 ac
257 1530 414 1596 varietate
422 1498 627 1593 moderantia
640 1542 706 1591 ests
730 1548 801 1610 quae
815 1527 885 1591 sola
895 1547 954 1612 per
966 1549 1000 1590 se
1015 1527 1085 1611 ipsa
1097 1541 1219 1611 quanta

204 1649 264 1729 sit,
283 1649 482 1715 histrionum
499 1648 584 1713 levis
599 1669 651 1713 ars
673 1661 708 1711 et
721 1667 819 1710 scena
829 1645 994 1712 declarat:
1018 1648 1052 1709 in
1065 1668 1130 1731 qua
1141 1668 1218 1711 cum

208 1793 321 1837 omnes
334 1771 369 1834 in
380 1770 450 1836 oris
473 1784 507 1836 et
519 1770 612 1833 vocis
626 1783 660 1832 et
672 1744 782 1833 motus
801 1769 1026 1832 moderatione
1040 1763 1216 1845 elaborent,

207 1901 284 1988 quis
302 1899 443 1985 ignorat,
464 1917 563 1981 quam
584 1896 681 1981 pauci
701 1895 769 1958 sint
788 1894 986 1977 fuerintque,
1009 1912 1091 1973 quos
1111 1890 1220 1954 animo

151 2088 160 2104 ,
211 2044 307 2109 aequo
320 2034 467 2106 spectare
477 2019 661 2105 possimus?
678 2016 774 2092 Quid
781 2015 889 2079 dicam
898 2014 938 2079 de
950 2013 1102 2079 thesauro
1109 2034 1219 2081 rerum

209 2146 373 2225 omnium,
383 2141 568 2207 memoria?
582 2163 651 2224 quse
660 2140 726 2205 nisi
736 2154 845 2205 custos
854 2139 993 2206 inventis
1002 2140 1217 2226 cogitatisque

213 2271 314 2333 rebus
335 2282 367 2333 et
389 2266 493 2331 verbis
515 2266 720 2346 adhibeatur,
743 2266 958 2354 intelligimus
970 2268 1093 2348 omnia,
1117 2267 1218 2331 etiam

209 2396 239 2458 si
251 2390 500 2480 praeclarissima
511 2392 644 2472 fuerint,
668 2393 703 2456 in
723 2406 852 2458 oratore
872 2395 1027 2481 peritura.
1073 2393 1218 2465 Quamo-

207 2524 301 2586 brem
326 2519 439 2584 mirari
462 2519 663 2600 desinamus,
693 2543 764 2605 qua
790 2537 906 2583 caussa
927 2518 971 2580 sit
995 2513 1218 2598 eloquentium

204 2643 382 2728 paucitatis
389 2641 880 2718 ;cumexiliisrebusuniversis
889 2640 1219 2723 eloquentiaconstet,

209 2761 1218 2853 quibusinsingnliselaborarepermagnumestrhortemurque

211 2884 445 2971 potiusliberos
453 2900 582 2951 nostros
592 2901 808 2974 caeterosque,
818 2911 960 2975 quornm
971 2888 1175 2976 glorianobis
1184 2902 1217 2955 et

210 3008 352 3095 dignitas
364 3008 462 3074 chara
471 3023 532 3090 est,
550 3024 587 3074 ut
599 3011 713 3075 animo
725 3014 775 3076 rei
788 3013 1046 3100 magnitudinem
1059 3013 1218 3098 complec-
1281 2981 1283 2984 Ι

209 3144 331 3209 tantur,
351 3152 459 3215 neque
470 3130 512 3193 iis
523 3144 580 3193 aut
591 3132 778 3213 praeceptis,
799 3147 854 3197 aut
866 3134 1045 3221 magistris,
1057 3146 1113 3197 aut
1125 3156 1217 3201 exer-

208 3255 433 3333 citationibus,
444 3255 566 3337 quibus
578 3264 716 3314 utuntur
724 3272 850 3338 omnes,
862 3261 923 3323 sed
935 3257 1007 3322 aliis
1020 3256 1216 3342 quibusdam

210 3395 248 3436 se
262 3373 310 3450 id,
330 3374 422 3454 quod
433 3383 602 3458 expetunt,
621 3374 773 3454 consequi
785 3395 880 3461 posse
894 3378 1067 3444 confidant.

255 3580 268 3656 l
292 3579 356 3646 Vl.
402 3579 456 3643 Ac
469 3601 543 3645 mea
556 3578 690 3663 quidem
702 3582 863 3648 sententia
882 3606 981 3652 nemo
1002 3579 1123 3670 poterit
1143 3603 1215 3649 esse

576 3700 608 3765 D
1121 3707 1213 3773 omni

231 3878 573 3947 ,wegetmnajuriecivilte
607 3879 647 3943 sy
658 3878 720 3948 leges
737 3881 826 3933 Cicero
834 3895 926 3934 means
936 3880 1052 3933 thelaws
1063 3879 1094 3930 of
1106 3880 1215 3939 natione,

204 3979 288 4029 which
299 3982 391 4029 arethe
401 3979 546 4031 fmndation
554 3981 585 4031 of
590 3984 691 4047 general
700 3985 802 4048 society.
836 3985 940 4055 Tisejus
950 3986 1020 4037 risile
1030 4002 1083 4036 was
1093 3984 1218 4052 appropri-

205 4079 340 4131 atedtothe
348 4080 568 4134 Romancitizens.
603 4087 628 4135 A
636 4101 742 4152 passage
749 4088 774 4135 in
782 4086 919 4149 hisoifices,
930 4091 1044 4140 Liblll.
1057 4084 1216 4156 eap.xv11.

206 4178 315 4242 explains
325 4176 519 4233 thisdii‘erence.
550 4175 1218 4257 Qodcivile,nontdmcmensogmtiumeqndam

200 4285 317 4351 gordum,
328 4286 394 4342 idem
403 4287 472 4338 civile
480 4306 528 4342 esee
537 4289 608 4342 debet.
