2742 4950
432 379 444 388 ·
544 334 840 436 essentia
897 381 952 443 aa
1193 384 1252 447 ru

215 540 469 604 controversia.
518 539 608 602 Nam
621 538 705 604 illud
718 539 837 624 ipsum,
855 561 930 604 cum
943 541 1129 626 scriptum*
1149 565 1252 613 asen-

175 636 181 652 ⁸
221 669 344 732 tentia
355 666 526 752 discrepat,
551 689 653 754 gerum
668 668 841 750 'quoddam
853 667 951 731 habet
963 668 1137 755 ambigui:
1165 671 1254 754 quod

210 785 308 856 ¹tum
335 791 527 876 explicatur,
551 811 689 854 cumea
711 789 821 868 verba,
845 810 916 871 quae
941 789 1068 870 desunt,
1094 806 1251 877 suggesta

215 929 308 977 sunt
324 937 334 976 t
359 916 478 997 quibus
494 912 628 991 additis,
642 911 831 976 defenditur
843 910 1038 977 sententiam
1055 914 1168 998 scripti
1181 936 1252 999 per.

144 1070 147 1073 ι
218 1010 385 1114 spicuam
398 1032 512 1097 fuisse.
560 1031 605 1093 Et
619 1052 662 1093 ex
675 1028 847 1092 contrariis
860 1028 992 1112 scriptis
1005 1028 1034 1091 si
1050 1030 1131 1112 quid
1152 1033 1253 1094 ambi·

213 1152 337 1237 gitur,
355 1176 422 1219 non
433 1173 557 1216 novum
570 1170 673 1233 genus
685 1148 842 1228 nascitur,
861 1149 920 1242 sed
933 1149 1111 1233 superioris
1124 1153 1252 1236 generis

220 1297 360 1338 caussa
371 1274 576 1357 duplicatur:
601 1271 701 1352 idque
716 1281 771 1332 aut
785 1289 964 1352 numquam
977 1269 1152 1353 dijudicari
1163 1285 1252 1353 pote·

223 1396 293 1475 rit,
322 1409 378 1459 aut
391 1396 438 1458 ita
450 1391 696 1479 dijudicabitur,
715 1403 751 1453 ut
758 1389 943 1456 referendis
955 1391 1131 1475 praeteritis
1146 1393 1253 1458 verbis

220 1515 265 1583 id
283 1518 460 1600 scriptum,
478 1517 711 1598 quodcumque
724 1510 944 1592 defendimus,
957 1511 1153 1595 suppleatur.
1200 1512 1254 1575 Ita

164 1606 166 1613 Α
213 1638 277 1716 fit,
294 1653 334 1700 ut
348 1659 450 1699 unum
465 1658 567 1721 genus
582 1636 617 1696 in
632 1635 672 1696 iis
687 1634 820 1712 caussis,
843 1656 919 1716 quae
937 1647 1070 1717 propter
1090 1633 1250 1718 scriptum

212 1749 1250 1846 ‚ambiguntursselinquatumSipstscriptumaliquid'ambigue.

218 1884 482 1972 Ambiguorum
503 1897 613 1950 autem
633 1906 710 1948 cum
724 1884 817 1968 plura
830 1902 952 1966 genera
964 1895 1040 1944 sunt
1057 1889 1152 1970 (quae
1168 1883 1251 1947 mihi

222 2007 394 2070 ‘videntur
407 2006 431 2067 ii
445 2007 562 2069 melius
575 2027 687 2086 nosse,
698 1998 757 2087 bui
770 2002 955 2083 dialectici†
969 2001 1168 2086 appellantur
1181 2030 1190 2079 3
1213 2004 1249 2068 hi
1266 2008 1270 2017 ⁴

221 2137 346 2189 autern
370 2125 474 2186 nostri
488 2125 649 2209 ignorare,
677 2123 812 2207 quinon
831 2119 940 2219 minus
963 2140 1058 2183 nosse
1081 2103 1273 2211 debeant,)'

227 2259 311 2310 tum
323 2245 405 2309 illud
417 2260 468 2310 est
480 2246 781 2331 frequentissimum
795 2248 830 2309 in
844 2243 934 2308 omui
948 2247 1183 2311 consuetudine
1197 2250 1250 2313 vel

221 2370 398 2447 ,sermonis
405 2369 457 2435 vel
465 2372 591 2455 scripti,
601 2395 676 2436 cum
689 2371 814 2435 idcirco
826 2367 949 2451 aliquid
961 2366 1148 2451 ambigitur,
1161 2371 1251 2452 quod
1278 2390 1281 2397 ⁴

142 2527 154 2542 s
218 2503 290 2557 ‹aut
303 2492 440 2553 verbum
462 2505 518 2553 aut
529 2492 631 2554 verba
649 2490 715 2553 sint
726 2486 955 2573 praetermissa.
1003 2484 1127 2551 Iterum
1141 2499 1249 2552 autem

203 2607 378 2702 peccant,
398 2638 475 2678 cum
489 2601 594 2697 genus
606 2615 671 2675 hoc
691 2634 890 2692 caussarum,
914 2612 1002 2697 quod
1017 2611 1175 2699 inscripti
1200 2615 1247 2680 in·

222 2737 468 2819 ¹terpretatione
482 2748 643 2814 versatur,
657 2735 697 2797 ab
710 2734 774 2797 illis
789 2734 923 2812 caussis,
937 2735 971 2798 in
982 2737 1111 2819 quibus,
1133 2739 1248 2816 Qualis

232 2878 369 2940 quaque
383 2880 434 2925 res
449 2859 503 2939 sit,
528 2835 740 2944 disceptatur,
763 2860 959 2945 sejungunt:
984 2868 1144 2946 nusquam
1160 2866 1248 2931 enim

222 2992 302 3041 tam
315 2980 478 3062 quaeritur,
491 2982 587 3065 quale
599 2982 641 3045 sit
653 3005 755 3069 genus
771 2983 878 3068 ipsum
890 2985 949 3062 rei,
963 3006 1060 3066 quam
1069 2986 1102 3048 in
1112 2988 1244 3072 scripto,

229 3098 322 3182 quod
335 3112 442 3164 totum
455 3124 476 3165 a
486 3101 565 3165 sacti
578 3103 804 3167 controversia
817 3116 1000 3184 separatum
1013 3116 1073 3166 est.
1119 3106 1172 3166 Ita
1184 3104 1248 3171 tria

224 3230 309 3277 sunt
330 3217 465 3294 omnino
479 3239 611 3302 genera,
637 3241 708 3300 quae
721 3220 756 3282 in
769 3216 1041 3300 disceptationem
1063 3232 1096 3281 et
1118 3234 1246 3286 contro.

231 3334 375 3396 versiam
388 3338 505 3398 cadere
519 3352 655 3418 possunt
670 3365 679 3412 ς
704 3338 795 3414 Quid
809 3340 876 3419 fiat,
896 3336 1032 3422 factum,
1056 3340 1244 3408 futurumve

231 3452 287 3531 sit,
302 3464 359 3514 aut
371 3452 476 3527 Quale
491 3455 547 3535 sit,
560 3470 615 3520 aut
628 3458 804 3533 Quomodo
814 3462 1018 3530 nominetur:
1033 3486 1108 3528 narn
1121 3479 1153 3526 et
1165 3465 1246 3530 illud

229 3574 376 3659 quidem,
390 3577 625 3659 quodquidam
639 3582 745 3645 Greci
758 3584 949 3669 adjungunt,
965 3585 1109 3648 Rectene
1122 3583 1244 3653 factum

224 3696 282 3776 sit,
294 3709 402 3760 totum
413 3695 448 3758 in
461 3717 501 3759 eo
514 3712 575 3779 est,
590 3702 690 3782 quod,
705 3701 810 3779 Quale
824 3703 878 3787 sit,
893 3704 1080 3791 quaerimus.
1191 3727 1193 3732 ’

1015 3884 1239 4016 *txxyn.

255 4154 268 4181 ⁶
279 4159 342 4211 Cum
349 4164 463 4228 sumtum
473 4182 490 4214 α
500 4168 609 4217 sententio
620 4166 741 4237 discrepat.
778 4142 873 4222 Wheri
879 4172 922 4222 the
930 4170 1003 4223 letter
1013 4159 1095 4223 differs
1115 4170 1183 4220 from
1205 4171 1247 4219 the

223 4258 295 4325 spirit
306 4260 336 4309 of
342 4277 375 4310 an
383 4277 431 4314 act.
744 4285 755 4327 ι

253 4361 268 4428 †
287 4364 422 4433 Distento,
435 4371 562 4437 logicians.
605 4410 609 4418 -
