2742 4950
179 303 225 359 50
467 287 898 351 DsOnnu‘onu
973 268 982 275 ,

180 461 216 523 in
229 460 297 523 otio
310 469 365 519 aut
381 453 573 539 jucundius,
597 466 652 515 aut
665 453 771 536 magis
784 450 953 535 proprium
966 450 1206 530 humanitatis,

184 602 281 665 quam
295 599 402 641 sermo
414 554 537 641 facetus
552 599 589 639 ac
601 575 692 638 nulla
704 575 738 637 in
751 595 785 638 re
800 575 917 636 rudis?
942 574 1017 637 Hoc
1030 576 1120 639 enim
1130 597 1210 638 uno

181 714 369 786 praestamus
379 700 431 764 vel
440 700 582 762 maxime
594 697 685 780 feris,
697 700 785 782 quod
797 700 1015 780 colloquimur
1027 700 1110 763 inter
1121 720 1205 778 noS‚

181 808 213 893 et
226 832 314 913 quod
328 827 513 913 exprimere
536 828 675 893 dicendo
697 850 793 891 sensa
812 849 997 911 possumus.
1046 827 1202 919 Quamo-

176 949 273 1011 brem
303 947 376 1030 quis
408 947 471 1009 hoc
497 966 563 1007 non
583 946 657 1031 jure
683 945 831 1037 miretur,
868 967 1060 1030 summeque
1088 945 1121 1007 in
1148 946 1195 1005 ed

180 1071 415 1161 elaborandum
430 1092 500 1132 esse
515 1068 699 1147 arbitretur,
724 1083 760 1132 ut
775 1089 839 1151 quo
853 1090 919 1130 uno
931 1069 1082 1133 homines
1102 1089 1195 1130 max·

180 1195 247 1256 ime
260 1192 373 1257 bestiis
386 1203 549 1274 praestent,
574 1191 607 1251 in
620 1190 683 1254 hoc
697 1189 883 1252 hominibus
897 1191 976 1273 ipsis
999 1189 1191 1256 antecellat?

179 1312 233 1379 Ut
257 1332 336 1374 vero
356 1310 428 1396 jam
454 1309 496 1372 ad
520 1308 576 1370 illa
599 1331 730 1371 summa
752 1312 947 1385 veniamus;
974 1306 1045 1396 qua
1066 1315 1117 1377 vis
1133 1314 1198 1376 alia

180 1437 289 1521 potuit
302 1449 357 1500 aut
365 1434 529 1518 dispersos
538 1432 689 1495 homines
701 1454 802 1494 unum
814 1432 966 1494 inlocum
977 1434 1195 1521 congregare3

125 1572 130 1578 '
179 1570 278 1622 anta
299 1557 369 1619 fera
392 1554 579 1640 agrestique
603 1553 672 1617 vita
696 1553 844 1618 adhunc
867 1554 1047 1617 humanum
1072 1557 1199 1621 cultum
1275 1545 1280 1552 ²

178 1682 378 1764 civilemque
403 1682 579 1758 deducere,
606 1694 662 1743 aut
682 1680 754 1766 jam
780 1681 966 1745 constitutis
982 1670 1195 1762 civitatibus,

184 1807 285 1892 leges,
294 1808 432 1894 judicia,
451 1796 528 1893 jura
541 1802 724 1873 describere
738 1808 749 1868 ἓ
775 1807 840 1886 Ac,
860 1829 902 1869 ne
916 1790 1020 1890 pluia,
1040 1808 1110 1892 quae
1124 1782 1216 1870 suntx

179 1950 273 2010 paene
290 1928 549 2007 innumerabilia,
573 1942 751 2007 consecter,
778 1930 1054 2012 comprehendam
1078 1927 1197 2000 brevi;

179 2044 232 2104 sic
246 2045 335 2106 enim
350 2059 469 2120 statu0,
482 2046 622 2126 perfecti
634 2047 774 2110 oratoris
787 2048 1010 2112 moderatione
1025 2061 1058 2109 et
1072 2045 1196 2130 sapien·

178 2161 230 2224 tia
253 2182 319 2224 non
344 2162 451 2225 solum
476 2165 578 2246 ipsius
605 2167 812 2250 dignitatem,
850 2170 909 2229 sed
936 2185 969 2234 et
993 2170 1194 2254 privatorum
1258 2192 1262 2196 ·

179 2284 413 2369 plurimorum,
440 2298 473 2347 et
494 2272 650 2350 universae
676 2284 877 2368 Reipublicae
898 2288 1037 2350 salutem
1050 2291 1194 2352 maxime

177 2406 355 2471 contineri.
393 2404 618 2481 Quamobrem
626 2406 762 2493 pergite,
773 2419 810 2468 ut
821 2406 942 2484 facitis,
954 2405 1193 2485 adolescentes,

182 2539 285 2610 atque
299 2526 334 2587 in
347 2527 381 2590 id
395 2528 554 2607 studium,
568 2528 680 2611 inquo
694 2526 784 2605 estis,
798 2526 988 2605 incumbite,
1007 2540 1044 2590 ut
1057 2540 1090 2588 et
1103 2524 1197 2588 vobis
1204 2541 1214 2557 “’
1246 2555 1254 2568 ν

182 2646 317 2720 honori,
342 2658 376 2705 et
401 2646 515 2706 amicis
540 2646 687 2726 utilitati,
714 2663 747 2711 et
761 2647 962 2736 Reipublicae
974 2646 1197 2713 emolumento

178 2783 259 2825 esse
281 2759 424 2843 possitis.

230 2972 246 3050 'l
272 2962 332 3036 IX.
379 2971 481 3063 Tum·
491 2973 638 3037 Scaevola
658 2974 808 3052 comiter,
837 2987 874 3038 ut
899 2974 1034 3056 solebat,
1061 2980 1200 3061 Caetera,
1222 3063 1225 3070 μ

187 3096 308 3181 inquit,
322 3097 482 3162 assentior
496 3098 627 3176 Crasso,
640 3118 680 3160 ne
695 3109 750 3161 aut
764 3099 859 3163 dec.
875 3099 983 3181 Laelii,
1003 3106 1108 3167 soceri
1123 3109 1200 3183 mei,

185 3245 249 3293 aut
262 3230 303 3292 de
317 3230 414 3313 hujus
429 3226 553 3310 generi,
577 3241 632 3289 ant
646 3241 712 3291 arte
727 3213 782 3291 aut
796 3228 900 3313 gloria
920 3231 1111 3298 detraham:
1137 3239 1197 3300 sed

184 3351 1198 3438 'illadno,Crasse,vereor,uttibipossimconcedere;Unum,
1262 3343 1264 3346 V

109 3505 111 3509 ·
193 3481 284 3561 quod
295 3481 334 3543 ab
347 3477 530 3575 oratoribus
543 3479 692 3545 civitates
704 3495 738 3543 et
751 3472 846 3543 initio
858 3484 1061 3565 constitutas,
1075 3500 1108 3549 ct
1122 3508 1201 3570 saepe

194 3597 397 3674 conseinatas
412 3625 484 3681 esse
498 3604 612 3668 dixisti
625 3633 634 3680 ;
659 3605 827 3683 Alterum,
851 3611 952 3689 quod,
975 3625 1102 3675 remoto
1115 3612 1200 3692 foro,

188 3726 360 3805 concione,
381 3727 531 3811 judiciiS,
555 3742 681 3809 senatu,
706 3730 847 3791 statuisti
861 3744 1026 3796 oratorem
1050 3733 1084 3794 in
1109 3736 1199 3807 omni

188 3868 310 3932 genere
324 3852 485 3914 sermonis
506 3865 541 3914 ⁴et
552 3852 766 3915 humanitatis
788 3875 858 3918 esse
871 3855 1065 3938 perfectum.
1112 3858 1197 3931 Quis

108 4005 109 4009 ¹
188 3975 279 4040 enim
292 3978 352 4042 tibi
365 3981 428 4043 hoc
443 3982 649 4059 concesserit,
673 3995 729 4044 aut
750 3981 843 4046 initio
865 4007 967 4068 genus
980 3983 1149 4068 hominum
1163 3983 1198 4047 in

191 4097 357 4176 montibus
373 4121 409 4163 ac
424 4100 516 4165 silvis
529 4100 737 4186 dissipatum,
749 4122 814 4164 non
828 4101 1039 4184 prudentium
1053 4092 1197 4165 consiliis

197 4202 204 4214 ⁹
937 4283 942 4292 ,
993 4222 1194 4305 compulsum
