2742 4950
484 382 859 448 Lrsume.
942 362 993 389 ⁹
1055 366 1057 375 ’
1123 392 1182 450 101

181 567 334 621 uttotum
343 550 435 629 illud,
447 554 496 617 uti
504 551 616 638 lingua
629 548 876 639 nuncupasse&
886 566 951 614 non
964 548 998 611 in
1012 550 1190 617 duodecim

180 680 310 758 tabulis,
333 697 414 762 quas
426 689 464 739 tu
483 674 636 738 omnibus
657 669 1056 753 bibliothecis-anteponis,
1083 672 1143 735 aed
1156 671 1190 737 in
1218 676 1221 681 ⁴

174 803 352 895 Qagistrst
366 796 513 865 carmine
526 800 685 884 scriptum
698 798 878 862 videretur.

211 1054 237 1132 'l
261 1054 397 1124 LVIII.
445 1055 535 1119 Nam
551 1054 643 1137 quod
656 1046 810 1114 inertiam
829 1066 961 1112 accusas
981 1050 1191 1117 adolescenti·

177 1199 249 1260 um,
264 1183 326 1265 qui
336 1182 434 1247 istam
445 1196 552 1244 artem
564 1178 710 1261 primum
724 1172 915 1237 facillimam
930 1196 997 1239 non
1021 1179 1170 1243 ediscant
1182 1206 1194 1254 ς

175 1309 270 1394 (quae
285 1304 440 1387 quamsit
454 1301 571 1380 facilis,
599 1298 647 1361 illi
660 1298 813 1377 viderint,
826 1298 882 1381 qui
906 1299 977 1383 ejus
1001 1300 1079 1363 artis
1104 1322 1191 1365 arro·

175 1424 615 1527 gantia,quasi·difficillima
640 1420 695 1500 sit,
708 1421 755 1484 ita
777 1421 906 1484 subnixi
928 1423 1114 1489 ambulant:
1137 1430 1191 1491 de-

174 1538 254 1613 inde
270 1546 370 1611 etiam
383 1562 420 1612 tu
432 1549 500 1633 ipse
514 1544 652 1623 videris,
664 1543 720 1626 qui
736 1565 809 1609 eam
835 1554 937 1618 artem
966 1542 1097 1608 facilem
1119 1564 1190 1608 esse

172 1666 271 1745 dicis,
286 1686 385 1749 quam
398 1666 551 1729 concedis
567 1664 673 1728 adhuc
687 1676 791 1727 artem
805 1665 940 1727 omnino
952 1686 1018 1729 non
1032 1688 1117 1745 esse,
1131 1668 1190 1732 sed

174 1788 362 1871 aliquando,
373 1786 478 1869 siquis
491 1785 589 1849 aliam
603 1796 709 1848 artem
732 1784 898 1861 didicerit,
922 1799 959 1848 ut
983 1787 1066 1851 hanc
1085 1801 1191 1850 artem

175 1898 302 1972 efficere
314 1898 431 1993 possit,
437 1922 509 1970 tum
522 1920 609 1970 esset
620 1907 711 1973 illam
727 1919 831 1971 artem
844 1905 991 1968 futuram
1007 1903 1033 1989 ς)
1059 1906 1191 1989 deinde,

175 2036 267 2119 quod
280 2034 323 2097 sit
335 2033 430 2116 plena
442 2032 681 2107 delectationis,
695 2032 729 2094 in
744 2052 809 2114 qua
820 2032 881 2095 tibi
894 2033 1066 2096 remittunt
1076 2054 1190 2097 omues

175 2153 275 2217 istam
288 2154 505 2236 voluptatem,
518 2167 550 2219 et
568 2177 606 2219 ea
627 2176 661 2220 se
685 2174 793 2219 carere
820 2154 998 2239 patiuntur,
1017 2176 1078 2217 nec
1103 2155 1191 2237 quis·

177 2286 280 2349 quam
289 2282 338 2331 ost
351 2289 475 2350 eorum,
487 2270 555 2354 qui,
569 2271 596 2334 si
605 2256 676 2358 jam
689 2272 733 2335 sit
744 2271 959 2338 ediscendum
973 2270 1037 2334 sibi
1053 2270 1191 2353 aliquid,

173 2411 242 2457 noa
256 2392 422 2456 Teucrum
437 2392 574 2458 Pacuvii
589 2394 703 2478 malitss
715 2415 814 2480 quam
840 2394 1041 2458 Manilianas
1064 2393 1187 2489 venalis

1128 2537 1185 2579 um

200 2760 215 2787 ¹*
234 2759 276 2807 Uti
293 2759 377 2822 lingua
393 2764 544 2823 nuncapium
560 2753 581 2804 ia
600 2770 615 2805 a
636 2754 755 2812 dnuhed
773 2762 863 2825 phrase
881 2762 912 2811 oi
926 2764 974 2812 law
991 2763 1091 2828 jargon,
1107 2765 1194 2812 which

166 2862 264 2904 cannot
273 2854 304 2902 be
312 2852 453 2914 translated
488 2855 546 2904 Itis
558 2853 617 2904 used
626 2870 654 2906 as
664 2858 707 2906 the
725 2858 878 2914 nomitative
891 2875 950 2910 case
966 2871 994 2908 to
1002 2858 1124 2919 sidereo,
1144 2860 1194 2910 and

93 2937 103 2944 Ν
167 2970 200 3004 as
210 2957 252 3003 the
263 2956 414 3004 substantive
427 2965 454 3003 to
465 2958 587 3027 militam.
639 2967 643 2973 ·

110 3075 114 3084 ·
191 3059 215 3122 ¹†
233 3060 290 3109 The
300 3075 363 3109 man
373 3063 507 3127 appointed
524 3066 556 3128 by
578 3066 619 3114 the
638 3067 735 3116 Praetor
753 3077 781 3114 to
792 3064 836 3115 sell
846 3068 891 3114 the
901 3075 980 3113 estate
990 3064 1020 3112 oi
1028 3081 1060 3113 an
1071 3067 1193 3116 insolvent

165 3160 254 3210 debtor
262 3178 316 3212 was
326 3161 404 3212 called
413 3163 537 3234 magister.

203 3261 291 3310 Hence
301 3263 447 3326 Quintilian,
464 3264 513 3312 vl.
525 3264 550 3315 3.
569 3266 693 3324 observes,
714 3265 769 3314 that
787 3264 876 3312 Cicero
887 3264 940 3315 said
959 3266 990 3315 of
1005 3266 1047 3315 the
1057 3266 1157 3316 mothei
1166 3262 1197 3312 of

168 3361 302 3422 Plautius,
319 3366 391 3417 Dum
399 3368 503 3423 vixisset,
519 3365 604 3420 ludum
611 3390 621 3424 ,·
633 3377 762 3435 portqesam
772 3379 867 3422 mutua
876 3379 918 3429 eet,
930 3372 1062 3438 mgistroe
1074 3369 1190 3444 babuisse:

167 3468 241 3516 That
252 3468 281 3527 is,
300 3467 364 3517 after
373 3470 419 3519 ber
428 3468 510 3529 death,
522 3472 571 3520 her
582 3471 660 3536 goods
669 3488 737 3523 were
747 3472 808 3524 sold.

200 3568 216 3636 i
234 3570 298 3619 This
309 3571 428 3621 excellent
438 3574 581 3640 Tragedian
593 3576 723 3637 Pacuvius,
744 3580 787 3628 the
797 3595 844 3629 son
854 3580 885 3629 of
891 3583 934 3631 the
943 3591 1001 3652 poet
1010 3581 1117 3640 Ennius,
1136 3600 1192 3636 was

169 3677 231 3726 horn
241 3689 267 3727 at
277 3680 450 3762 Brundisium,
463 3682 513 3734 and
523 3682 579 3734 died
590 3683 615 3731 in
624 3694 736 3732 extreme
746 3685 786 3734 old
797 3702 851 3750 age.
885 3688 917 3737 ln
926 3690 961 3737 A.
972 3687 1075 3748 Gellius,
1086 3689 1160 3740 Book
1168 3692 1190 3742 1.

172 3776 253 3842 Chap.
264 3779 306 3829 24.
324 3796 365 3831 we
374 3783 439 3832 have
448 3784 488 3833 his
499 3784 602 3854 epitaph
609 3786 711 3835 written
719 3785 752 3850 by
762 3785 874 3845 himself,
883 3790 968 3840 which
979 3793 1063 3842 shows
1073 3794 1113 3845 hie
1122 3805 1193 3861 great

166 3884 290 3952 modesty.
1116 3900 1119 3914 ’

317 3992 457 4070 Adolescens,
474 4008 555 4049 tannen
571 4002 614 4049 etei
624 4008 747 4067 properos,
764 3999 807 4049 hoc
817 4012 838 4051 te
849 4018 940 4055 saxum
951 3987 1026 4073 rogat,

317 4099 362 4153 ‚vei
379 4098 413 4150 ad
426 4117 451 4150 ee
467 4102 590 4168 aspiciat.-
607 4098 690 4152 deinde
703 4101 766 4166 quoi
779 4104 896 4170 aeripedes
910 4105 984 4175 legat.

321 4206 372 4258 ffic
388 4214 440 4254 eant
449 4214 522 4272 poete
539 4206 636 4258 Marcei
653 4207 764 4258 Pacuoiei
779 4210 826 4258 rita

321 4305 389 4357 Oeco-
424 4307 477 4360 Hac
491 4306 608 4371 volebam,
624 4312 711 4361 nescius
726 4328 754 4362 ne
769 4330 836 4364 essee.
871 4314 936 4368 Vale.
999 4297 1003 4302 ,
1025 4335 1028 4342 ²

601 4422 614 4450 ἱ
