2742 4950
156 462 213 532 'as
458 463 534 525 Dr
579 460 900 525 o'a-rnorr·

171 630 259 695 omni
272 629 368 694 laude
382 629 564 693 cumulatus
583 640 704 707 orator,
728 627 793 689 nisi
815 627 878 690 erit
901 625 1049 691 omnium
1071 648 1204 705 rerurm

170 772 361 837 magnarum
384 765 481 837 atque
495 750 803 814 artiumscientiam
815 762 1008 814 consecutus
1025 773 1033 811 ε
1058 751 1203 815 etenim-,2

169 897 210 940 ex
218 895 328 938 rerum
335 875 915 967 cognitioneefflorescatetredundet
923 888 1051 958 oportet
1059 873 1163 937 oratio
1175 899 1201 947 3,

170 1013 252 1076 quae,
260 991 325 1055 nisi
335 995 445 1058 subest
452 1014 503 1061 res
512 993 551 1055 ab
560 1005 688 1055 oratore
700 1006 853 1076 percepta
860 1006 893 1058 et
902 993 1045 1077 cognita,
1052 992 1191 1055 inanem

171 1113 336 1195 quandam
349 1114 448 1177 habet
461 1088 681 1179 elocutionem
701 1128 734 1203 et
746 1107 833 1198 paene
848 1115 1022 1199 puerilem,
1065 1116 1190 1198 Neque

170 1254 250 1297 vero
266 1256 328 1319 ego
342 1236 404 1297 hoc
418 1236 667 1298 tantumoneris
687 1237 855 1318 imponam
874 1240 994 1303 nostris
1008 1239 1191 1324 praesertim

126 1382 129 1385 ·
171 1348 367 1432 oratoribus,
390 1349 424 1413 in
434 1350 495 1415 hac
508 1364 598 1414 tanta
611 1350 824 1435 occupatione
838 1356 928 1415 urbis
943 1377 980 1416 ac
994 1356 1080 1435 vitae,
1099 1353 1188 1417 nihil

172 1482 209 1529 ut
221 1467 262 1529 iis
275 1483 386 1552 putem
398 1470 498 1532 licere
509 1458 636 1534 nes'cire
651 1493 659 1532 ε
684 1489 882 1553 quamquam
894 1469 946 1531 vis
959 1474 1099 1533 oratoris
1112 1495 1203 1554 pro·-

174 1562 341 1669 lessioque
366 1588 437 1672 ipsa
458 1590 541 1652 bene
566 1588 700 1652 dicendi
723 1588 787 1655 hoc
801 1587 967 1672 suscipere
981 1611 1019 1685 ac
1032 1589 1183 1672 polliceri

174 1703 336 1787 videatur,
359 1684 507 1772 ut'omni
530 1711 570 1774 de
594 1731 642 1788 re,
667 1726 879 1793 quaecumque
894 1709 938 1772 sit
950 1688 1069 1793 posita,
1093 1711 1196 1773 abeo
1277 1796 1279 1802 s

173 1824 284 1887 ornate
298 1824 495 1909 copioseque
509 1810 658 1889 dicatur,⁴
690 1825 773 1906 Sed,
795 1827 950 1908 quianon
962 1823 1089 1904 dubito,
1111 1825 1196 1907 quin

173 1938 236 2002 hoc
250 1943 414 2027 plerisque
428 1947 628 2010 immensum
641 1946 868 2030 infinitumque
880 1947 1043 2025 videatur,
1056 1959 1090 2011 et
1099 1946 1194 2029 quod

142 2092 146 2101 ι
175 2056 308 2119 Graecos
322 2056 485 2139 homines,
511 2086 577 2125 non
591 2067 699 2127 solum
719 2040 862 2151 ingenio,
886 2079 920 2130 et
943 2064 1103 2146 doctrina,
1132 2066 1202 2129 sed

175 2178 357 2242 etiam'otio
375 2182 549 2266 studioque
565 2186 778 2262 abundantes,
798 2189 1011 2267 partitionem
1024 2176 1193 2271 quandam

174 2303 423 2381 artiumfecisse
436 2304 547 2386 uide0,
570 2326 675 2389 neque
690 2306 724 2371 ln
737 2306 890 2370 universo
905 2328 1026 2391 genere
1041 2311 1191 2393 singulos

178 2427 387 2507 elaborasse3
412 2433 472 2496 sed
495 2433 679 2517 seposuisse
705 2431 869 2496 acaeteris
890 2404 1092 2498 dictionibus
1116 2455 1198 2497 eam.

176 2527 304 2630 partem
317 2531 463 2627 dicendi,
488 2573 566 2633 quaer
575 2553 610 2614 in
622 2550 804 2616 forensibus
827 2550 1117 2633 disceptationibus
1137 2551 1201 2635 jum

175 2667 341 2730 diciorum
368 2687 405 2727 ac
431 2648 705 2752 deliberationum
731 2684 929 2748 versaretur,
963 2684 996 2735 et
1021 2669 1057 2733 id
1082 2690 1185 2731 uuum
1266 2701 1272 2714 ι

138 2837 142 2846 „
180 2806 282 2869 genus
305 2784 427 2872 oratori
451 2784 649 2866 reliquisse3
674 2804 741 2843 non
763 2789 961 2866 complectar
984 2786 1018 2849 in
1029 2788 1083 2849 his
1094 2786 1187 2850 libris
1262 2871 1271 2882 1

179 2907 331 2991 amplius,
356 2927 454 2989 quam
468 2909 558 2989 quod
570 2904 648 2970 huic
668 2904 793 2988 generi,
813 2924 848 2968 re
863 2906 995 2987 quesita
1006 2921 1040 2969 et
1053 2911 1195 2971 multum

180 3031 356 3115 disputata,
389 3048 594 3091 summorum
618 3024 791 3087 hominum
818 3044 919 3108 prope
953 3046 1114 3090 consensu
1140 3044 1192 3091 est

179 3152 341 3216 tributum
350 3130 365 3215 t·
373 3164 584 3237 repetamque
592 3168 658 3212 non
666 3148 706 3210 ab
718 3146 921 3211 incunabulis
933 3160 1058 3217 noetrae
1072 3146 1196 3212 veteris
1247 3131 1251 3139 ¹

179 3276 380 3358 puerilisque
401 3275 555 3338 doctrina
578 3252 741 3354 quindam
763 3271 912 3336 ordinem
930 3285 1198 3364 praeceptorum

183 3380 303 3475 sedes,
330 3419 396 3479 quae
415 3398 586 3479 ¹quondam
610 3397 720 3480 accepi
743 3396 778 3458 iu
800 3411 987 3462 nostrorum
1008 3397 1194 3476 hominum,

183 3513 527 3595 eloquentissimorum
540 3528 573 3577 et
586 3513 675 3600 omni
691 3513 849 3608 dignitate
861 3515 1058 3599 principum,
1080 3516 1190 3599 dispu-

182 3643 305 3702 tatione
330 3662 399 3704 esse
424 3654 573 3702 versata:
600 3660 665 3701 non
688 3637 776 3735 quod
797 3637 854 3701 illa
874 3652 1092 3724 contemnam,
1118 3662 1202 3725 quae

185 3758 294 3820 Graeci
319 3758 451 3821 dicendi
475 3757 614 3835 artifices
638 3769 671 3819 et
692 3757 844 3819 doctores
868 3756 1096 3840 reliquerunt;
1126 3762 1199 3840 sed,

185 3899 260 3942 cum
285 3881 343 3944 illa·
360 3895 491 3964 pateant
504 3882 536 3944 in
549 3896 747 3967 promtuque
761 3881 827 3942 sint
839 3881 1002 3960 omnibus,
1015 3901 1018 3906 ’
1029 3903 1134 3963 neque
1158 3904 1198 3944 ea

184 4003 446 4087 interpretatione
473 4028 547 4069 mea
571 4021 627 4069 aut
650 4008 796 4070 ornatius
821 4004 976 4088 explicari
998 4018 1053 4067 aut
1069 4004 1200 4087 planius

173 4132 327 4218 ‘exprimi
351 4133 490 4217 possint,
526 4132 618 4195 dabis
644 4108 728 4196 hanc
761 4133 901 4211 veniam,
938 4130 984 4193 mi
1011 4129 1124 4208 frater,
1161 4140 1199 4191 ut·

140 4327 144 4342 '
187 4253 314 4337 opinor,
337 4266 373 4317 ut
385 4244 514 4338 porum,
534 4252 651 4335 quibus
666 4276 795 4322 summa
808 4252 939 4320 dicendi
961 4252 1031 4315 laus
1046 4248 1197 4313 anostris

1006 4372 1197 4438 hominibus
