2742 4950
499 330 704 395 Lrorn
748 325 796 390 11.
842 335 897 393 et.
1146 292 1206 402 tlt

194 511 424 566 connectentur
437 495 607 562 imitando.
653 494 752 557 Nihil
765 507 814 556 est
829 490 970 585 facilius,
996 516 1096 581 quum
1109 500 1211 564 amir·

168 664 171 667 -
193 631 274 683 tum
287 617 406 682 imitari
423 617 572 704 alicujus,
593 628 796 693 autentum,
818 627 873 677 aut
894 630 1032 681 motum.
1081 620 1116 683 Si
1131 644 1213 686 vero

195 738 300 802 etiam
321 737 441 801 vitiose
465 737 592 820 aliquid
614 749 677 813 est,
701 734 736 797 id
760 714 890 797 numere
914 750 946 799 et
958 735 993 799 in
1004 759 1044 803 eo
1054 739 1213 805 vitiosum

191 882 282 940 eote,
302 882 369 927 non
384 882 544 946 magnum
559 873 631 932 ett3
655 872 691 921 ut
704 857 770 937 ille,
798 858 856 941 qui
870 879 956 924 nunc
980 859 1079 923 etiam
1091 862 1213 930 amitte

191 998 277 1047 voce
303 981 385 1046 fluit
398 982 433 1043 in
447 979 630 1064 Republica
654 979 780 1057 Fufius,
805 999 924 1043 nervos
950 977 986 1040 in
1009 979 1149 1046 dicendo
1171 985 1212 1055 C.

191 1106 220 1170 F
222 1107 364 1186 imbria,
389 1130 473 1192 quos
493 1122 607 1170 tamen
620 1105 737 1169 habuit
749 1105 817 1183 ille,
834 1125 910 1195 non
922 1105 1106 1189 assequitur
1118 1131 1127 1181 3
1149 1109 1216 1171 tuit

190 1229 400 1313 pravitatem
433 1242 467 1292 et
498 1228 675 1291 verborum
709 1222 917 1291 latitudinem
950 1226 1122 1291 imitator:
1157 1228 1216 1293 sed

118 1417 132 1444 ι
190 1328 311 1415 tarnen
324 1349 380 1413 ille
393 1371 453 1414 nec
468 1349 614 1433 deligere
635 1349 743 1427 scivit,
771 1349 862 1433 cujus
874 1348 1085 1433 potissimum
1097 1351 1215 1415 similis

193 1474 298 1548 anet,
321 1470 401 1534 etin
413 1491 454 1532 eo
466 1471 550 1555 ipso,
572 1493 672 1554 quem
687 1470 864 1554 delegerat,
887 1471 1008 1535 imitari
1021 1473 1122 1535 etiam
1134 1473 1216 1537 vitia

189 1592 323 1655 voluit«
353 1592 423 1666 Qui
435 1606 547 1655 autem
561 1591 608 1654 ita
619 1590 729 1667 faciet,
744 1603 779 1651 ut
790 1603 929 1672 oportet,
943 1591 1086 1673 primum
1099 1591 1215 1676 vigilet

188 1734 329 1783 necesse
342 1728 392 1781 est
405 1717 440 1777 in
455 1716 653 1801 deligendo:
674 1714 806 1792 deinde,
825 1737 924 1798 quem
939 1718 1101 1799 probavit,
1114 1718 1149 1779 in
1159 1737 1212 1795 eo,

187 1862 268 1925 quoe
289 1842 432 1905 maxime
446 1841 620 1918 excellent,
644 1860 685 1900 eo
710 1839 963 1924 diligentissime
987 1816 1214 1921 persequatur.

188 1965 290 2041 Quid
315 1968 406 2029 enim
431 1985 537 2030 oattsae
564 1964 707 2028 censetis
732 1986 816 2041 ense,
831 1982 889 2024 eur
903 1973 1016 2023 etates
1041 1960 1216 2026 extulerint

191 2089 330 2173 singule
355 2089 491 2173 singula
511 2108 609 2172 prope
633 2072 754 2172 genera
777 2083 933 2150 dicendi?
956 2086 1124 2166 quodnon
1147 2100 1216 2151 tam

192 2210 297 2276 facile
331 2211 367 2273 in
388 2211 509 2274 nostris
535 2210 721 2274 oratoribus
752 2229 925 2295 possumus
945 2206 1097 2297 judicare
1118 2212 1214 2301 (quia

191 2334 331 2418 scripta,
356 2356 398 2399 ex
411 2336 527 2419 quibus
536 2337 702 2423 judicium
716 2333 786 2399 fieri
799 2345 921 2417 posset,
944 2351 1012 2393 non
1025 2331 1215 2398 multatione

189 2456 431 2542 reliquerunt)
467 2445 567 2541 quoin
595 2457 630 2517 in
658 2454 795 2529 Grecis,
830 2474 872 2516 ex
897 2472 1038 2537 quorum
1072 2453 1215 2538 seriptis,

190 2584 355 2669 cujusque
382 2584 491 2645 aetatis
511 2589 586 2664 'quae
599 2580 731 2654 dicendi
754 2579 838 2642 ratio
863 2581 1079 2663 voluntasque
1103 2580 1215 2664 fuerit,

149 2723 152 2728 ’
196 2703 345 2784 intelligi
357 2713 481 2784 potest.
528 2700 763 2784 Antiquissimi
785 2701 854 2765 sere
873 2717 959 2782 sunt,
985 2724 1125 2787 quorum
1145 2704 1217 2787 qui-

197 2823 280 2885 dem
307 2821 428 2905 scripta
461 2835 620 2901 constent,
654 2822 799 2889 Pericles
825 2836 922 2907 atque
950 2825 1152 2907 Alcibiades,
1184 2842 1217 2893 et
1301 2839 1310 2858 '

193 2939 315 3003 eadem
338 2952 431 3003 aetate
446 2939 681 3024 Thucydides;
705 2941 854 3022 subtiles,
876 2943 975 3022 acuti,
997 2945 1123 3025 breves,
1145 2968 1217 3016 sen-

142 3043 145 3048 .
191 3061 305 3126 tentiis
328 3062 446 3145 magis,
470 3083 571 3144 quam
593 3063 703 3128 verbis
727 3064 952 3128 abundantes:
976 3085 1041 3126 non
1054 3069 1216 3148 potuisset

177 3159 365 3261 'accidere
390 3195 427 3244 ut
449 3203 552 3256 unum
574 3198 661 3247 esset
685 3185 835 3249 omnium
858 3205 973 3270 genus,
995 3185 1060 3249 nisi
1074 3188 1217 3271 aliquem
1253 3191 1256 3196 ⁴
1297 3257 1300 3264 ,

197 3304 265 3366 eibi
292 3321 511 3388 proponerent
537 3308 580 3370 nd
603 3309 810 3375 imitandum.
858 3311 1037 3376 Consecuti
1059 3330 1135 3380 eunt
1157 3317 1240 3381 hos·

203 3428 341 3507 Critias,
357 3429 593 3510 Theramenes,
608 3433 746 3518 Lysias:
760 3439 984 3522 multaLysiae
999 3439 1120 3524 scripta
1131 3454 1217 3522 sunt,
1293 3460 1302 3476 ⁸

198 3552 358 3616 nonnulla
367 3549 495 3631 Critiae,
507 3553 547 3618 de
558 3552 766 3621 Theramene
776 3561 977 3626 audivimus:
992 3582 1106 3627 omnes
1116 3565 1218 3628 etiam

196 3686 270 3735 tum
293 3670 480 3736 retinebant
501 3671 595 3737 illum
610 3675 750 3742 Periclis
772 3701 917 3762 succum,
941 3682 1003 3747 ted
1017 3697 1108 3749 erant
1121 3687 1217 3771 paulo

202 3793 352 3856 uberiore
366 3791 433 3855 filo.
472 3792 560 3861 Ecce
568 3789 657 3861 tibi*
669 3817 803 3867 exortus
815 3820 866 3869 est
877 3807 1051 3887 Isocrates,
1062 3814 1219 3898 magister

201 3915 341 3978 istorum
354 3916 515 3995 omnium,
529 3917 621 4003 cujus
632 3945 650 3986 e
661 3922 751 4005 ludo,
765 3938 934 4025 tamquam
946 3948 989 3991 ex
1001 3949 1086 4011 equo
1099 3930 1217 4027 Troja-

1159 4069 1216 4127 no,

230 4280 243 4307 ’
257 4280 309 4337 tibi
320 4289 341 4338 ie
352 4290 457 4344 inserted
467 4296 524 4363 only
535 4296 574 4348 fot
582 4296 704 4364 euphony.
