2742 4950
184 333 266 395 ω.
464 323 541 382 Da
593 323 900 385 Osarene

185 503 341 564 oratores,
352 489 412 551 sed
424 456 526 551 ctiam
537 498 675 566 actores,
685 508 726 552 ne
739 486 826 551 mala
837 485 1072 553 conaretudine
1080 486 1196 553 adali·

75 596 81 600 Ι
113 634 116 639 ’
185 634 283 699 quam
294 614 539 711 deformitatem
559 616 818 699 pravitatemque
843 611 1024 679 veniamus
1085 614 1220 677 Exer-

182 741 344 806 ceudaeat
357 741 458 805 etiarn
469 741 628 808 memoria
651 740 835 806 ediscendis
860 741 902 804 ad
927 737 1065 802 verbum
1089 755 1200 816 quam

181 858 332 942 plurimis
346 874 380 923 et
401 861 523 927 nostris
536 858 712 942 scriptiset
725 857 850 923 alienis
897 854 1030 939 Atque
1022 874 1121 918 mea
1135 873 1201 915 ex·

180 984 375 1050 ercitatione'
387 1008 453 1050 non
468 1006 544 1051 sane
556 985 639 1051 mihi
654 984 805 1068 displicet
816 982 982 1073 adhibere,
995 982 1025 1044 si
1053 1000 1178 1045 consue

181 1109 348 1189 ris‚etiam
374 1110 471 1174 istam
497 1112 646 1174 iocorum
665 1107 981 1188 simulacrorumque
1016 1104 1200 1177 rationem,

182 1243 253 1307 qua
268 1224 303 1286 iu
314 1237 382 1286 arte
395 1225 577 1290 traditum*
621 1226 804 1290 Educenda
817 1225 935 1289 deinde
956 1225 1058 1289 dictio
1082 1238 1132 1290 est
1148 1244 1201 1284 ex

183 1348 244 1410 hac
269 1349 450 1414 domestica
472 1348 708 1415 exercitatione
736 1362 769 1410 et
804 1349 972 1412 umbratili
997 1348 1146 1412 medium
1158 1347 1199 1409 in
1276 1390 1281 1399 ·

181 1490 310 1552 agmen,
324 1471 358 1531 in
367 1473 547 1553 pulverem,
561 1472 595 1534 in
603 1448 793 1550 clamorem,
807 1470 842 1533 in
855 1482 971 1549 castra,
989 1483 1091 1551 atque
1114 1469 1147 1529 in
1164 1487 1202 1530 a·

182 1590 268 1654 ciem
277 1591 458 1657 sorensem:
483 1594 669 1659 subeundus
682 1616 761 1658 usus
773 1581 933 1672 omnium,
945 1606 979 1658 et
1002 1589 1193 1675 periclitan-

183 1717 233 1780 drc
247 1716 336 1779 vires
345 1717 480 1806 ingenii,
491 1731 526 1782 et
534 1716 589 1781 illa
601 1717 835 1781 commentatio
846 1716 972 1780 inclusa
984 1716 1018 1778 in
1043 1696 1197 1779 veritatis
1250 1758 1253 1764 -

183 1833 504 1920 lucem,profe'renda
518 1851 593 1905 eet.
617 1830 621 1837 ’
650 1837 801 1922 Legendi
813 1837 911 1902 etiam
921 1849 1037 1920 poetoe,
1057 1812 1199 1918 cognos-

184 1961 290 2021 cende
298 1960 447 2039 historia,
459 1962 607 2029 omnium
623 1962 788 2027 *bonarum
814 1961 935 2025 artium
953 1959 1128 2043 scriptores
1150 1978 1195 2024 ac
1239 2046 1242 2054 Ι

143 2116 147 2125 «
184 2074 334 2139 doctores
345 2089 380 2140 et
401 2078 533 2159 legendi
560 2074 594 2139 et
617 2081 857 2161 pervolutandi,
888 2094 922 2146 et
947 2079 1196 2145 exercitationis

176 2198 298 2262 'caussa
306 2199 474 2278 laudandi,
488 2200 735 2284 interpretandi,
755 2204 951 2286 corrigendi,
979 2205 1200 2290 vituperandi,

183 2316 355 2384 refellendi
370 2345 381 2394 3
400 2319 699 2406 disputandumque
710 2321 751 2384 de
759 2321 849 2382 omni
862 2343 899 2383 re
926 2322 983 2402 in†
1006 2327 1189 2387 contrarias

183 2454 312 2528 partem
336 2454 379 2520 et,
393 2442 550 2525 quicquid
560 2443 622 2507 crit
631 2419 666 2505 in
690 2463 817 2536 quaque
835 2462 883 2522 re,
908 2443 998 2525 quod
1023 2442 1191 2527 probabrlo

184 2556 292 2622 videri
301 2561 416 2643 possit,
428 2562 630 2626 eliciendum
639 2575 734 2644 atque
755 2562 943 2628 dicendum.
1000 2563 1196 2627 Perdiscen-

187 2682 266 2743 dum
275 2682 331 2765 jus
344 2682 452 2765 civiie,
466 2686 700 2773 cognoscendae
726 2686 829 2770 leges,
854 2687 1063 2771 percipienda
1085 2684 1195 2750 omnis

185 2796 373 2880 antiquitas,
384 2805 545 2869 senatoria
558 2803 771 2881 consuetudo,
795 2802 971 2887 disciplina
981 2805 1194 2889 Reipublicae,
1245 2783 1250 2794 Ι
1340 2835 1360 2904 ;

179 2921 257 3007 jura
269 2925 446 3008 sociorum,
459 2928 590 3004 foedera,
612 2924 793 3008 pactiones,
817 2947 932 2988 caussa
957 2925 1086 3008 imperii
1118 2946 1196 3006 cog·

182 3054 349 3116 noscenda
358 3066 417 3118 est.
463 3051 636 3128 Libandus
646 3049 746 3113 etiarn
752 3073 802 3127 ex
812 3051 902 3113 omni
929 3071 1046 3135 genere
1061 3051 1197 3112 urbani·

183 3174 261 3235 tatis
273 3174 465 3236 facetiarum
478 3173 614 3255 quidam
624 3174 730 3257 lepos,
742 3166 819 3256 quo,
832 3187 987 3255 tanquam
1015 3170 1093 3249 sale,
1107 3190 1197 3254 pers-

186 3307 341 3378 pergatur
354 3295 461 3363 omnis
474 3285 592 3359 oratio.
638 3296 751 3361 Effudi
764 3296 859 3359 vobis
869 3296 982 3361 omnia
994 3319 1065 3381 quae
1078 3296 1181 3363 sentie

1085 3422 1161 3483 bam
1176 3443 1185 3491 ς

188 3675 196 3706 ¹
214 3693 227 3719 ‘¹'
237 3694 343 3760 Tneart
351 3694 382 3743 of
388 3663 502 3759 memory
512 3710 567 3746 was
576 3696 706 3747 cultivated
712 3707 829 3762 amongst
839 3700 881 3747 the
891 3700 989 3747 ancient
998 3695 1101 3757 Greeks,
1132 3700 1199 3759 who,

175 3794 202 3842 rt
208 3794 231 3842 is
237 3794 361 3858 probable,
373 3793 467 3845 carried
474 3795 495 3844 lt
505 3804 553 3844 toa
563 3794 728 3855 considerable
736 3795 824 3862 degree
830 3798 866 3861 *of
871 3797 1020 3865 perfectior.
1056 3799 1083 3848 It
1101 3801 1123 3848 is
1141 3805 1197 3849 now

180 3897 250 3953 lost.
283 3913 287 3919 ’

213 4004 378 4069 Quintilian
389 4009 496 4073 thought
504 4007 650 4072 differently
684 4010 710 4060 It
730 4027 784 4060 was
804 4014 844 4062 his
864 4013 972 4078 opinion,
993 4015 1049 4061 that
1066 4028 1099 4062 an
1116 4022 1198 4062 orator
1279 4033 1282 4036 ·
1359 3985 1360 3992 i

181 4106 253 4163 could
263 4117 306 4157 not
316 4106 466 4173 distinguish
474 4111 615 4170 himselfas
624 4112 688 4180 truly
700 4112 837 4222 deserring,
849 4119 956 4170 without
966 4128 1036 4186 great
1058 4119 1149 4174 virtues
1171 4132 1199 4170 as

181 4212 238 4267 well
248 4228 275 4269 as
282 4224 357 4279 great
365 4214 476 4269 abilities.
