2742 4950
536 367 811 431 Lrssnl.
862 374 917 432 40.
1177 328 1251 442 77·

124 508 127 519 Ι
215 537 373 603 simeone
385 514 511 597 nullum
522 547 642 618 potest,
662 555 769 600 nonne
784 534 906 620 exjure
920 534 1010 599 civili
1023 549 1133 620 potest
1151 562 1221 608 esse

209 653 396 731 contentio,
409 674 485 716 cum
496 653 664 736 quaeritur,
677 655 719 733 is,
732 654 789 736 qui
800 652 1097 720 dominivoluntate
1105 679 1226 722 census

217 773 269 850 sit,
282 771 489 849 continuone,
506 793 555 867 'an
577 770 634 835 nbi
655 771 823 835 lustrum*
848 771 1028 848 conditum,
1051 772 1139 835 liber
1155 773 1222 837 sit?

214 893 317 973 Quid,
325 894 486 976 quodusu
493 892 792 975 memoriapntrum
799 893 907 959 venit?
922 906 970 969 ut,
981 893 1223 977 paterfamilias,

214 1016 270 1100 qui
283 1038 326 1079 ex
339 1014 502 1101 Hispania
512 1016 656 1081 Romam
663 1017 821 1094 venisset,
832 1038 908 1080 cum
915 1035 1053 1081 uxorem
1059 1018 1224 1102 praegnan·

211 1149 279 1199 tem
293 1137 327 1199 in
340 1127 512 1221 provincia
520 1137 723 1218 reliquisset,
736 1137 917 1219 Romaeque
927 1137 1062 1200 alteram
1069 1138 1227 1220 duxisset,

200 1272 318 1340 ¹neque
332 1256 489 1327 nuntium
496 1253 600 1335 priori
608 1252 799 1333 remisisset,
813 1267 1023 1335 mortumque
1033 1267 1120 1318 esset
1128 1255 1226 1320 intes·
1328 1332 1331 1343 ι

211 1389 296 1454 tato,
315 1388 352 1437 et
363 1396 405 1438 ex
416 1386 548 1455 utraque
562 1373 648 1436 filius
666 1387 761 1436 natus
775 1389 881 1452 essct,
895 1374 1111 1443 mediocrisne
1124 1399 1178 1443 res
1191 1382 1226 1445 in

214 1493 474 1563 controversiam
496 1495 638 1559 adducta
661 1510 723 1572 est,
747 1516 821 1565 cum
835 1500 1029 1578 quereretur
1041 1498 1082 1562 de
1097 1500 1224 1567 duobus

210 1612 335 1676 civium
350 1611 522 1694 capitibus,
549 1626 582 1674 et
607 1613 648 1679 de
671 1633 785 1697 puero,
810 1612 865 1696 qui
878 1610 921 1677 ‘ex
932 1616 1113 1697 posteriore
1126 1633 1223 1683 natus

212 1749 292 1814 erat,
317 1735 404 1799 etde
419 1734 625 1820 ejusmatre3
651 1759 735 1820 quae,
761 1736 789 1798 si
810 1737 1016 1822 judicaretur
1033 1743 1132 1806 certis
1153 1746 1224 1827 qui·

211 1859 350 1924 busdam
362 1860 482 1941 verbis,
507 1882 577 1957 non
593 1862 689 1926 novis
703 1862 838 1946 nuptiis,
863 1861 936 1931 fieri
960 1882 1035 1924 cum
1059 1866 1225 1946 superiore

213 1981 404 2062 divortium,
428 1982 461 2044 in
485 1983 672 2049 concubinae
686 1982 798 2045 locum
811 1981 1009 2046 duceretur?
1032 1981 1112 2043 Haec
1125 1983 1227 2068 igitur

214 2108 381 2173 ethorum
395 2106 520 2170 similia
526 2107 602 2190 jure
614 2126 678 2172 suae
695 2105 839 2169 civitatis
853 2107 1069 2192 ignorantem,
1080 2121 1226 2172 erectum

212 2245 252 2327 et
263 2232 398 2311 celsum,
423 2233 526 2327 alacri
538 2247 571 2298 et
584 2249 714 2318 promto
736 2256 793 2299 ore
807 2257 844 2298 ac
857 2235 950 2300 vultu
962 2236 1025 2299 huc
1037 2249 1133 2318 atque
1147 2235 1223 2300 illuc

214 2354 408 2438 intuentem,
428 2332 541 2444 vagari
554 2381 675 2446 magna
688 2384 764 2427 cum
778 2330 909 2424 caterva
924 2375 995 2423 toto
1008 2360 1094 2448 soro,
1115 2363 1225 2444 prasi·

212 2479 317 2561 dium,
331 2481 517 2562 clientibus,
543 2497 641 2566 atque
666 2505 766 2565 opem
788 2466 917 2562 amicis,
943 2496 977 2544 et
987 2504 1086 2567 prope
1100 2483 1224 2548 cunctis

216 2605 343 2672 civibus
362 2606 472 2669 lucem
486 2605 611 2689 ingenii
626 2619 659 2665 et
673 2602 802 2667 concilii
816 2605 868 2668 sui
887 2606 1108 2691 porrigentem
1127 2620 1223 2692 atque

209 2737 415 2808 tendentem,
427 2748 534 2791 nonne
546 2727 583 2790 in
594 2726 709 2812 primis
721 2731 918 2815 flagitiosum
931 2737 1112 2817 putandum
1127 2738 1199 2801 est?
1216 2761 1227 2778 ·

1089 2984 1103 3057 l
1127 2986 1221 3049 XLI.

244 3282 313 3332 *tut
322 3277 554 3331 luseumcondmlm.
589 3277 677 3327 When
694 3278 737 3325 the
746 3289 821 3326 nante
831 3273 863 3324 ol'
869 3291 957 3327 anian
966 3291 1020 3326 was
1029 3289 1095 3344 upon
1103 3278 1226 3340 thelrolls
1320 3327 1322 3330 .

210 3383 244 3433 of
249 3385 293 3431 the
299 3396 392 3438 census,
401 3383 421 3429 it
427 3379 549 3446 appeared
557 3382 611 3430 that
621 3382 654 3430 he
662 3395 718 3431 was
726 3396 742 3429 s
752 3380 855 3431 Romen
863 3380 964 3430 citizen.
987 3382 1036 3433 See
1046 3384 1156 3433 ciceron
1170 3400 1223 3435 ors

209 3489 263 3536 tion
274 3485 314 3535 for
325 3484 440 3546 Archias.

243 3589 286 3650 He
293 3588 408 3638 observes
417 3588 444 3636 in
453 3587 492 3637 his
498 3589 594 3638 oration
604 3588 757 3645 forCaecinn,
769 3562 831 3644 that,
840 3587 959 3655 although
969 3607 986 3639 a
993 3604 1054 3639 mm
1062 3605 1117 3638 was
1126 3605 1141 3638 a
1149 3589 1224 3650 slave,

210 3688 251 3737 his
262 3692 400 3742 enrolment
422 3693 447 3739 in
456 3694 498 3741 the
509 3707 596 3740 census
606 3690 724 3741 rendered
733 3691 788 3738 him
799 3688 858 3738 free.
893 3689 990 3741 Condere
997 3689 1099 3743 luorum
1116 3691 1225 3756 signifies

157 3819 162 3837 ι
209 3806 239 3844 to
247 3796 322 3846 linish
332 3798 374 3846 the
384 3795 450 3854 rolls,
460 3798 545 3845 which
555 3812 621 3846 were
629 3795 704 3846 made
712 3810 747 3859 up
757 3809 828 3855 every
837 3791 897 3840 fifth
905 3808 970 3855 year.

244 3898 311 3960 Livy
323 3896 430 3946 informs
442 3912 478 3963 us,
492 3897 555 3954 that,
567 3898 643 3945 when
653 3895 704 3943 this
711 3895 822 3943 business
830 3911 884 3945 was
893 3891 1039 3959 completed
1052 3895 1143 3944 certain
1154 3895 1225 3961 playn

213 4012 279 4048 were
288 3997 431 4050 celebrated.

231 4096 325 4162 ltwas,
335 4105 460 4161 however,
473 4105 607 4169 squestlon
616 4104 680 4153 with
690 4104 732 4152 the
743 4102 856 4164 lawyers,
868 4098 980 4149 whether
991 4098 1083 4150 sdeve
1091 4113 1146 4148 was
1156 4097 1224 4160 (con-

213 4206 295 4272 tinuo)
306 4206 475 4272 immediately
487 4207 546 4268 free,
559 4223 592 4256 on
602 4207 803 4265 hisemolment5
822 4223 858 4267 or,
869 4214 897 4256 et
904 4206 946 4255 the
954 4203 1003 4254 eud
1013 4202 1043 4254 of
1048 4205 1090 4254 the
1108 4201 1222 4261 lustrum,

212 4311 262 4361 viz.
271 4313 347 4363 when
357 4314 399 4363 the
408 4323 468 4369 text
478 4315 537 4368 rolls
544 4329 610 4366 were
621 4313 696 4365 made
706 4329 747 4383 up,
