2742 4950
491 420 693 490 L'rrnn
739 428 786 491 ΙΙ.
834 436 885 492 12:
1140 443 1206 504 m

177 582 217 652 lb
230 580 311 654 anti}
323 592 412 681 (cum
424 586 645 673 eloquentiam
654 594 842 678 laudarem)
860 598 929 660 dixi
955 600 1095 662 oratoris
1119 622 1203 684 esse,

175 726 292 800 neque
302 716 423 780 habent
435 738 532 783 suum
542 718 652 780 locum
661 716 764 813 ullum
773 719 806 782 in
816 721 974 789 divisione
983 725 1136 808 partium,
1147 750 1203 790 ne·

171 852 631 925 quecertnmpraeceptorurn
641 843 1083 928 genus,etagen'clasuntnou
1091 845 1200 909 minus
1294 842 1302 855 ⁴

169 967 425 1049 diserte,quam
435 987 505 1047 quae
516 963 549 1025 in
560 963 617 1025 lite
628 963 793 1043 dicuntur,
801 964 998 1048 objurgatiO,
1009 964 1201 1046 cohortatio,

171 1091 369 1158 consolatio
382 1116 391 1164 ;
414 1109 557 1172 quorum
569 1086 653 1149 nihil
664 1099 725 1162 est,
739 1088 828 1166 quod
842 1107 908 1147 non
921 1086 1050 1168 sumnia
1070 1088 1203 1152 dicendi
1260 1130 1266 1141 ι

160 1222 386 1280 ornamenta
397 1216 566 1277 desideret
580 1237 588 1285 ;
611 1203 675 1274 secl
683 1232 726 1273 ex
738 1204 874 1274 artilicio
886 1234 938 1277 res
963 1213 1026 1277 ist'a
1038 1233 1206 1302 praecepta

170 1323 254 1394 non*
266 1324 430 1434 quaerunt.
477 1334 590 1410 Plane,
604 1331 709 1413 inquit
723 1331 870 1410 Catulus,
897 1336 1066 1400 assentior.
1126 1304 1203 1425 Ape

104 1541 106 1545 ¹
135 1502 139 1512 .
166 1456 278 1532 uero,
293 1459 399 1538 inquit
411 1457 589 1530 Antonius,
604 1454 710 1538 qualis
723 1455 873 1534 oratoris,
886 1470 919 1520 et
932 1461 1044 1541 quanti
1055 1462 1198 1529 hominis
1257 1441 1262 1451 ¹

153 1572 154 1575 ’
171 1576 209 1638 in
224 1576 375 1642 dic'e'ndo
389 1548 483 1660 putas
499 1562 581 1655 esse,
593 1575 764 1637 historiam
779 1552 917 1642 scribere
932 1578 952 1637 3?
968 1577 1016 1659 Si,
1030 1595 1065 1643 ut
1086 1585 1194 1652 Graeci

166 1680 392 1776 scripserunt,
413 1691 546 1768 summi,
572 1690 678 1772 inquit
701 1689 857 1752 Catulus:
874 1672 924 1772 si,
951 1709 988 1757 ut
1013 1696 1130 1777 nostri,
1153 1701 1202 1762 ui·

171 1784 231 1872 hil
250 1832 334 1896 opus
358 1824 408 1876 est
434 1780 562 1890 oratore
579 1830 596 1870 ι’
625 1809 705 1871 satis
731 1823 872 1873 estnon
898 1833 971 1875 esse
996 1818 1202 1878 mendacem.

172 1922 304 2017 Atqui,
317 1956 358 1998 ne
380 1925 510 1996 nostros
533 1937 736 2011 contemnas,
760 1932 869 2014 inquit
896 1935 1073 2017 Antonius,
1099 1941 1201 2007 Graeci

172 2040 315 2143 quoque
331 2054 378 2117 sic
393 2053 487 2116 initio
498 2053 734 2138 scriptitarunt,
746 2066 788 2115 ut'
795 2065 906 2116 noster
920 2052 1015 2132 cato,
1024 2068 1061 2116 ut
1075 2055 1200 2140 Pictor,

177 2173 220 2231 ut
232 2172 349 2233 Pisoc
377 2170 458 2233 Erat
472 2170 558 2233 enim
571 2170 710 2232 historia
722 2160 805 2229 nihil
818 2168 918 2244 aliud,
941 2167 1006 2231 nisi
1032 2173 1198 2239 annalium

180 2289 570 2375 confectio3'cuju5rr1
598 2288 829 2371 memoriaeque
851 2286 993 2369 publicae·
1024 2293 1199 2362 retinendae

179 2441 312 2499 caussa,
326 2420 365 2484 ab
379 2419 476 2483 initio
488 2439 600 2484 rerum
613 2416 837 2479 Romanarum
850 2433 955 2496 usque
974 2414 1016 2478 ad
1030 2414 1068 2477 P.
1095 2417 1201 2480 Muti·

179 2563 240 2608 um
255 2545 642 2630 pontificemmaximum
657 2561 715 2608 res,
738 2531 852 2602 omnes
873 2539 1076 2624 singulorum
1103 2559 1199 2604 anno·
1295 2599 1299 2606 ,

177 2663 449 2726 rum'mandabat
457 2658 565 2738 literis
578 2657 727 2740 pontifex
740 2658 913 2735 maximus,
936 2660 1153 2744 efferebatque
1166 2661 1206 2723 in·

182 2783 339 2861 album*
353 2795 386 2844 et
399 2781 601 2865 proponebat
612 2780 753 2844 tabulam
766 2781 869 2860 domi,
884 2765 1025 2866 potestas
1051 2795 1087 2845 ut
1112 2796 1199 2847 esset

184 2904 311 2989 populo
324 2904 542 2987 cognoscendi
556 2930 571 2977 3v
588 2903 684 2985 hique
696 2904 796 2967 etiam
808 2923 893 2966 nunc
908 2875 1038 2966 annales
1063 2905 1205 2968 maximi

181 3032 404 3096 nominantur.
451 3032 546 3094 Hanc
561 3032 811 3096 similitudinem
835 3030 999 3091 scribendi
1024 3030 1129 3091 multi
1153 3055 1202 3098 se·

182 3153 349 3231 cutisunt‚
363 3152 419 3235 qui
441 3152 512 3215 sine
540 3152 615 3215 ullis
637 3147 836 3211 ornamentis
858 3157 1070 3207 monumenta
1091 3146 1199 3209 solum

180 3289 381 3361 temporum,
390 3278 576 3356 hominum,
588 3249 752 3351 locorum,
767 3282 1000 3358 gestarumque
1021 3288 1200 3333 rerum-re·

180 3399 361 3481 liquerunt.
420 3401 546 3483 ltaque,
573 3398 685 3483 qualis·
701 3398 787 3479 apud
812 3396 953 3463 Graecos
983 3393 1201 3477 Pherecydes,

188 3515 394 3594 Hellanicus,
409 3515 563 3579 Acusilas
577 3517 651 3594 fuit,
667 3513 786 3595 aliique
801 3495 966 3595 permulti,
991 3509 1066 3571 talis
1089 3518 1200 3569 noster

185 3633 271 3697 Cato
283 3648 316 3698 et
326 3635 438 3697 Pictor
449 3649 481 3698 et
496 3636 574 3698 Piso
590 3662 598 3708 ;
622 3635 677 3718 qui
692 3654 796 3714 neque
810 3644 931 3708 tenent,
954 3627 1072 3712 quibus
1092 3625 1189 3694 rebus

185 3767 320 3817 ornatur
332 3753 437 3816 oratio
452 3754 667 3844 (modoenim
676 3754 739 3817 huc
754 3753 902 3815 istasunt
928 3749 1129 3833 importata)
1154 3764 1200 3828 et,
1264 3781 1267 3784 ·

185 3878 271 3943 ffum-
281 3879 491 3965 intelligatur,
504 3880 583 3961 quid
597 3880 719 3957 dicant,
740 3897 838 3940 unam
852 3874 984 3939 dicendi
998 3872 1127 3937 laudem
1140 3894 1199 3956 pu·

1126 4005 1201 4055 tant

215 4276 231 4305 '¹
246 4269 408 4345 Effereb'ntque
418 4280 442 4328 in
453 4276 545 4331 olorem.
580 4278 642 4327 And
655 4233 784 4345 ‹li-splayed
796 4278 866 4327 them
880 4270 945 4343 upo‘n
955 4271 1055 4322 conire
1064 4239 1142 4320 table}
1153 4260 1169 4310 i·
1179 4271 1201 4307 e·

185 4388 217 4437 lto
225 4353 314 4453 legibly
325 4385 374 4437 and
382 4384 453 4451 fairly
464 4383 595 4450 engressed
604 4387 681 4436 them.
