2742 4950
510 328 895 429 sas111.st.
1156 342 1211 404 ιι

186 513 892 614 mustuosis‘cupidioresqua'mveritatis
907 506 1216 593 Nam,siquishunc

200 678 322 737 siatuct
342 682 416 730 esse
429 666 607 729 oratorem,
631 636 929 730 quitantummodo
942 634 976 696 in
989 634 1077 719 jure,
1100 644 1157 693 aut
1179 629 1215 693 in

185 793 338 885 judiciis
349 784 468 879 possit,
480 791 539 844 aut
551 770 639 860 apud
648 768 818 858 populum,
841 768 897 828 aut
909 761 943 824 in
957 771 1072 824 senatu
1084 756 1216 840 copiose

190 919 306 1004 ioqui,
317 929 432 978 tamen
443 901 599 984 huicips1
587 895 715 961 multa
726 892 849 957 tribuat
859 900 893 954 et
906 884 1074 964 concedat,
1084 902 1217 946 necesse

198 1056 270 1111 est.
285 1058 393 1120 neque
402 1050 490 1099 emm
498 1026 568 1090 sine
577 1019 682 1086 multa
692 1008 945 1100 pertractatione
954 1024 1221 1070 ommumrerum

191 1162 426 1249 publicarum,
453 1169 562 1235 neque
575 1142 645 1208 siue
665 1140 793 1222 legum,
815 1150 957 1208 morum,
976 1126 1063 1213 juris
1075 1122 1223 1203 scientia,

203 1306 339 1368 neque
331 1292 452 1341 natura
459 1270 631 1334 hommum
643 1258 810 1346 incognita
820 1277 857 1319 ac
868 1247 1047 1328 moribus,
1040 1270 1073 1311 m
1081 1244 1150 1310 his
1142 1244 1223 1328 ipsis

109 1494 112 1498 λ
202 1403 317 1466 rebus
330 1398 406 1461 satis
428 1394 545 1459 callide
565 1387 693 1455 versari
714 1398 747 1451 et
766 1380 869 1468 perite
885 1385 1020 1461 potest.
1045 1369 1102 1453 qui
1116 1380 1224 1431 autem

204 1527 282 1587 hac
295 1516 501 1607 cognoverit,
525 1507 595 1579 sine
609 1510 729 1595 quibus
747 1527 787 1569 ne
809 1503 866 1566 illa
877 1496 1014 1583 quidem
1029 1488 1173 1554 minima
1191 1486 1226 1549 in

210 1643 336 1711 caussis
358 1640 533 1725 quisquam
553 1648 642 1701 recte
665 1599 751 1695 tueri
764 1637 883 1710 potest,
906 1617 988 1703 quid
1010 1612 1087 1677 huic
1113 1612 1226 1675 abesse
1260 1696 1265 1705 ῃ

211 1768 333 1855 poterit
343 1766 388 1829 'dc
397 1764 620 1829 maximarum
633 1746 911 1821 rsrumscientia?
927 1742 986 1806 Sin
997 1734 1137 1801 oratoris
1144 1731 1230 1795 nihil

204 1896 264 1959 ‘vis
278 1912 363 1970 esse,
375 1889 440 1951 nisi
454 1883 648 1969 composite,
664 1889 790 1954 ornate,
804 1869 949 1954 copiose,
962 1860 1072 1941 eloqui
1084 1885 1092 1931 ;
1107 1873 1229 1937 quaero,

208 2017 368 2099 idipsum
382 2011 437 2096 qui
448 2008 555 2094 possit
567 2001 700 2086 assequi
712 1999 782 2061 sine
798 2014 838 2057 ea
850 1984 997 2061 scientia,
1011 2001 1109 2068 quam
1121 1977 1152 2040 ei
1165 1995 1231 2039 non

212 2142 424 2208 conceditis}
451 2134 582 2200 dicendi
596 2131 685 2198 enim
698 2126 817 2202 virtus,
836 2118 902 2182 nisi
924 2115 966 2199 ei,
990 2113 1046 2196 qui
1066 2109 1160 2189 dicit,
1179 2129 1230 2186 ea,

221 2271 265 2334 de
300 2267 413 2352 quibus
439 2264 532 2343 dicit,
563 2269 718 2346 percepta
750 2252 827 2331 sint,
859 2260 986 2313 exstare
1020 2263 1090 2309 non,
1110 2247 1232 2324 potest.

216 2388 461 2465 Quamobrem,
472 2384 500 2446 si
514 2395 627 2447 ornate
639 2379 769 2440 locutus
781 2383 832 2436 est
856 2367 964 2460 (sicutx
970 2364 1086 2436 fertur,
1106 2353 1234 2420 etmihi

210 2509 368 2594 videtur)
401 2506 557 2593 physicus
583 2501 637 2566 ille
656 2493 887 2569 Democritus,
912 2482 1066 2548 materies
1090 2477 1146 2541 illa
1171 2474 1236 2540 fuit

217 2633 363 2718 physici,
389 2625 470 2696 de
459 2650 526 2712 qua
557 2625 668 2694 dixit,
705 2631 838 2684 ornatus
859 2632 942 2678 vero
965 2609 1032 2693 ipse
1058 2603 1235 2673 verborum

214 2754 392 2817 oratoris*
414 2747 575 2832 putandus
588 2757 660 2809 est·
687 2755 721 2806 et
733 2763 762 2804 si
751 2735 872 2801 'Plato
885 2734 927 2797 de
941 2731 1039 2794 rebus
1050 2751 1071 2792 a
1083 2724 1236 2791 civilibus

219 2870 457 2934 controversiis
479 2863 712 2935 remotissimis
734 2860 892 2925 divinitus
916 2868 967 2918 cst
986 2853 1125 2931 locutus,
1148 2849 1238 2933 quod

216 3018 284 3082 cgo
299 3000 470 3064 concedoz
493 2998 522 3060 si
545 2997 628 3063 item
648 2986 912 3067 Aristoteles-si
926 2981 1187 3066 Theophrastus,
1210 2974 1239 3037 si

218 3118 409 3185 ‘Carneades
435 3120 471 3182 iu
490 3119 590 3182 rebus
614 3116 668 3190 iis,
692 3110 863 3193 dequibus
886 3106 1146 3187 disputaverunt,
1167 3097 1234 3158 eio-

221 3257 371 3323 quentes,
392 3255 426 3307 et
439 3237 625 3304 indicendo
642 3254 758 3300 suaves
772 3243 868 3314 atque
882 3227 988 3329 ornati
999 3224 1130 3289 fuerunt
1143 3243 1154 3294 ;
1176 3216 1242 3292 sint

217 3365 278 3425 lhae
291 3385 357 3443 res,
370 3367 412 3427 de
426 3363 547 3445 quibus
562 3363 739 3447 disputant,
754 3361 788 3422 in
801 3359 874 3421 aliis
889 3353 1085 3442 quibusdam
1098 3345 1225 3412 studiis
1230 3368 1241 3418 3

219 3482 336 3546 ‹oratio
351 3482 488 3568 quidem
502 3484 573 3571 ipsa
592 3480 725 3568 propria
738 3483 787 3546 est
797 3481 896 3566 hujus
909 3477 1006 3542 unius
1024 3466 1175 3545 rationis,
1199 3464 1241 3526 de

216 3601 292 3694 'qus
312 3609 483 3692 loquimur
503 3625 537 3677 et
555 3607 747 3694 querimus.
792 3604 928 3672 Etenim
945 3600 1101 3667 uidemus
1123 3590 1243 3655 iisdem

394 3727 404 3754 ι

1201 3716 1244 3783 cie

257 3907 269 3934 ⁴*
288 3910 402 3960 Cicero's
417 3907 484 3974 good
500 3920 570 3958 sense
588 3905 672 3957 would
682 3917 727 3956 not
737 3909 803 3956 have
820 3899 925 3953 suffered
942 3903 1000 3954 him
1019 3912 1046 3952 to
1068 3899 1183 3950 sdvsnce
1201 3890 1251 3965 {hit

219 4013 386 4077 proposition,
404 4011 455 4064 lud
468 4013 499 4062 he
508 4022 551 4061 not
560 4014 622 4063 been
641 4007 887 4082 greatly'influenced
902 4011 935 4075 by
947 4012 990 4061 the
1000 4009 1101 4077 passion
1110 4008 1143 4055 he
1152 4000 1202 4053 had
1213 3998 1253 4048 for

226 4118 266 4165 his
282 4118 497 4185 ownprofessiou.
532 4119 766 4184 Dailyexpsrience
776 4116 882 4175 evinces,
901 4118 957 4169 that
969 4134 986 4168 a
1005 4118 1069 4169 clear
1086 4108 1153 4163 head
1171 4107 1253 4159 aud*

117 4285 126 4294 ἱ
216 4227 432 4303 ‚comprehensive
441 4223 589 4291 knowledge
597 4225 628 4275 of
634 4225 749 4292 asubject
757 4224 810 4274 will
819 4224 896 4277 make
904 4226 998 4294 ¹almost
1006 4218 1252 4288 snm-ueloque&

182 4384 186 4389 ,
222 4328 325 4393 *hough
333 4319 365 4381 he
374 4330 462 4383 should
472 4346 547 4384 never
557 4329 722 4387 resdaword
732 4347 799 4398 spon
807 4308 898 4386 theart
908 4332 939 4384 of
946 4339 1079 4386 moratos.
